2900 4559
554 305 774 369 ...994

139 500 247 580 3568s‚
278 502 375 582 3640,
406 497 453 561 Le
477 498 539 560 Bas
563 500 592 563 II
617 514 668 581 35,
701 499 806 563 Cauer
829 514 903 577 431.
951 499 982 562 Α
1009 512 1023 576 5
1050 490 1129 579 birli
1156 496 1195 560 cs.

41 618 44 665 1
136 610 166 671 Β
187 624 207 683 4
231 600 297 691 (Mc.
346 607 377 670 Α
402 622 442 668 22
467 606 680 693 Δημητριάῆι
703 606 742 669 cf.
769 610 800 669 Β
821 610 930 687 20721.
977 604 1031 668 De
1056 596 1196 688 Ἄρτεμις

40 740 42 805 ss
132 704 264 787 1111111111,
288 714 470 796 supplenda
488 714 585 776 etiam
604 716 634 777 Β
659 727 685 794 5,
712 723 844 793 sumpta
868 734 910 776 ex
933 716 964 777 Β
987 728 1027 775 22
1052 711 1091 774 cf.
1109 712 1192 777 Mitt.

135 821 212 883 Ath.
229 820 289 884 VII
313 840 344 900 p.
364 836 402 901 73
423 836 489 881 n.2
514 840 563 884 vv.
585 833 599 900 5
625 840 716 903 sqq.:
746 817 858 903 ὀμνύω
881 821 940 884 Δία
964 810 1112 903 Maenalon
1139 820 1193 882 καὶ

130 928 190 991 τὸν
222 918 444 1014 Άπόλλωῇα]
472 925 532 991 τὸν
565 931 755 1012 Κοροπαῖον
784 929 840 990 καὶ
871 926 933 1011 τὴν
962 919 1109 1011 Ἄρτεμιν
1131 925 1194 1009 τὴν

130 1025 274 1099 Ἰωλκίαν
298 1044 330 1096 21
353 1056 382 1116 p.
401 1050 463 1113 343
490 1034 563 1101 adn.
582 1050 610 1113 3,
640 1054 737 1116 quem
766 1033 953 1116 Apollinem
985 1032 1192 1115 Coropaeum

128 1142 285 1205 habemus
308 1144 339 1206 Β
369 1142 420 1208 26.
467 1143 497 1204 Β
522 1157 533 1203 1
562 1141 777 1227 Αημητριέωυ
807 1150 894 1204 12212
917 1162 952 1204 se
975 1140 1085 1213 habet,
1114 1140 1188 1202 inde

128 1250 333 1311 inserendum
372 1256 442 1310 erat
487 1251 518 1311 B
550 1265 579 1328 3,
623 1265 651 1329 7,
696 1264 745 1330 17,
790 1265 836 1327 19.
895 1247 949 1312 Ob
1002 1247 1190 1330 particulam
1321 1241 1332 1262 ⁶

129 1356 183 1419 καὶ
207 1359 238 1419 Β
259 1357 279 1418 6
303 1364 337 1418 et
360 1354 391 1417 A
417 1371 456 1417 22
484 1364 516 1417 21
540 1357 570 1418 Β
596 1358 692 1436 17718
722 1355 873 1418 videntur
904 1354 1089 1437 supplenda
1117 1374 1188 1417 esse

130 1482 214 1543 quae
237 1462 387 1545 suppleta
410 1470 492 1523 sunt
539 1465 570 1525 B
592 1477 632 1540 23
659 1462 700 1524 ad
724 1452 883 1544 ἄνήλωμα
906 1462 946 1528 cf.
965 1461 1190 1543 inscriptiones

126 1570 298 1633 Thessalas
332 1579 366 1630 et
393 1568 586 1649 Magnesiae.
632 1569 776 1633 Multum·
803 1570 874 1631 miri
906 1567 1015 1642 habet,
1047 1570 1135 1649 quod
1159 1570 1190 1633 Α

127 1694 154 1747 2,
194 1694 222 1755 3,
263 1692 300 1738 12
337 1694 444 1737 sermo
474 1684 524 1738 est
555 1676 596 1737 de
629 1696 695 1739 uno
729 1677 843 1749 iudice,
882 1693 929 1756 13,
970 1692 1018 1753 14,
1059 1689 1107 1755 15,
1148 1694 1185 1757 17

126 1784 165 1845 de
197 1782 429 1862 compluribus¹
464 1782 540 1843 item
565 1785 596 1847 Β
619 1800 636 1844 2
662 1784 701 1846 de
727 1804 802 1857 11110,
837 1799 885 1856 12,
916 1794 964 1860 15,
994 1798 1041 1863 17,
1071 1786 1119 1856 18,
1146 1800 1189 1847 2ο

126 1892 167 1953 de
191 1890 424 1972 compluribus.
471 1888 522 1950 De
545 1888 811 1952 Wilamowitzius
833 1899 929 1971 putat
951 1889 992 1951 ad
1016 1890 1187 1953 concilium

126 1999 312 2061 universum
338 2005 371 2058 et
393 1997 434 2058 ad
465 1996 607 2076 singulas
637 1997 733 2059 urbes
764 1998 914 2059 dimissos
942 2017 1014 2059 esse
1043 1998 1188 2077 singulos

122 2106 256 2179 iudices,
288 2104 344 2187 qui
369 2112 401 2165 et
424 2102 540 2183 singuli
565 2103 772 2166 laudarentur
796 2114 828 2167 et
851 2124 964 2166 omnes
989 2104 1186 2167 coniunctim

121 2214 164 2274 ab
189 2232 253 2274 una
278 2228 407 2291 quaque
436 2210 565 2271 civitate
595 2219 628 2272 et
660 2209 797 2273 concilio
830 2211 1030 2292 Magnetum.
1077 2211 1185 2273 Aliam

122 2319 283 2381 rationem
297 2318 367 2399 ipse
380 2338 445 2381 non
461 2319 578 2381 inveni.
604 2316 690 2398 Quin
703 2316 860 2397 particula
873 2318 929 2381 καί
944 2328 1020 2399 post
1036 2308 1186 2382 ἀποστει-

122 2424 258 2489 λάντων
292 2425 322 2487 Α
362 2442 396 2487 11
436 2445 509 2488 22111
544 2422 670 2486 firmare
706 2425 833 2488 videtur
863 2424 950 2486 mihi.
998 2425 1050 2486 De
1078 2436 1186 2488 aetate

120 2532 202 2597 haec
236 2532 344 2594 habui.
393 2534 565 2613 Magnetes
599 2531 787 2603 decernunt,
818 2539 894 2593 sunt
925 2530 1023 2609 igitur
1051 2533 1116 2594 iam
1141 2534 1184 2594 di-

122 2639 239 2719 rempti
257 2658 277 2700 a
293 2639 466 2723 Thessalis
492 2638 580 2718 quod
598 2636 656 2699 luit
671 2634 799 2699 saeculo
823 2646 938 2719 quarto
963 2637 1001 2699 ci.
1019 2638 1069 2703 Ps.
1087 2640 1182 2705 Dem.

122 2746 236 2808 Neaer.
270 2745 370 2828 (LIX)
395 2765 426 2826 p.
450 2748 541 2823 1382,
573 2743 876 2826 Aisch.Ctes.cap.
894 2745 945 2822 83.
998 2745 1182 2809 Demetrias

121 2853 198 2915 urbs
222 2851 393 2916 aedificata
417 2862 466 2915 est
483 2866 509 2914 'a
531 2850 701 2913 Demetrio
724 2850 903 2914 Poliorceta
927 2851 965 2914 cs.
984 2852 1064 2914 Plut.
1083 2854 1178 2916 Dem.

121 2980 192 3042 cap.
215 2972 264 3038 53,
289 2959 397 3023 Strab.
422 2959 476 3022 lib.
493 2958 539 3021 IX
560 2978 590 3041 p.
608 2957 681 3035 436.
724 2956 790 3020 Sed
805 2959 964 3041 scriptura
988 2968 1038 3022 est
1060 2961 1179 3022 saeculi

121 3067 257 3128 alterius.
303 3066 416 3147 Usque
441 3066 483 3127 ad
511 3066 572 3144 196
594 3063 762 3145 Philippus
777 3064 918 3127 Macedo
935 3066 1180 3129 Demetriadem

120 3174 294 3254 occupavit
317 3192 423 3253 neque
447 3172 646 3253 permisisset
663 3179 831 3233 externum
849 3172 1001 3236 iudicium
1018 3172 1055 3236 cl.
1068 3172 1178 3254 Polyb.

119 3279 234 3353 XVIII,
270 3296 317 3355 11,
354 3295 452 3360 4-7,
485 3281 626 3357 Liv.33,
654 3292 712 3356 31;
747 3296 797 3357 34,
834 3293 890 3358 513
923 3281 1090 3358 usquead
1119 3296 1179 3358 194

122 3387 261 3448 Romani
292 3408 364 3449 eam
391 3386 552 3469 praesidio
580 3393 756 3446 tenuerunt
788 3384 827 3451 cl.
852 3386 963 3467 Polyb.
986 3386 1092 3451 XVIII
1123 3402 1176 3466 45,

117 3502 264 3568 42112,
289 3494 357 3557 Liv.
378 3508 428 3572 33,
458 3508 514 3571 31;
541 3509 592 3572 34,
616 3508 659 3570 49
684 3500 784 3570 2151.
833 3493 945 3572 ltaque
977 3512 1079 3556 annus
1115 3512 1176 3573 194

117 3609 166 3662 est
189 3601 343 3662 terminus
367 3609 443 3680 post
474 3617 586 3682 quem;
624 3618 698 3660 nam
733 3599 872 3661 Romani
902 3601 961 3662 etsi
994 3620 1080 3663 anno
1116 3602 1176 3680 196

118 3708 287 3787 Magnetas
316 3706 531 3769 liberaverant
559 3726 578 3768 a
601 3704 751 3784 Philippo
782 3705 820 3767 cf.
840 3706 955 3787 Polyb.
982 3706 1089 3769 XVIII
1122 3709 1174 3784 46,

120 3826 153 3893 53
177 3830 230 3894 47,
256 3814 287 3891 6,
311 3814 380 3876 Liu.
399 3828 449 3893 33,
484 3828 534 3891 34,
563 3812 643 3875 Plut.
669 3812 724 3874 vit.
750 3812 885 3878 Flamin.
915 3829 963 3886 10,
996 3822 1105 3881 tamen
1134 3815 1175 3876 ad

122 3936 182 3998 194
205 3920 267 3999 ipsi
290 3920 495 3983 iudicassent.
543 3920 621 3981 Post
648 3920 708 3996 146
725 3918 872 3982 Arcades
897 3920 927 3980 in
944 3919 1174 3983 obscuritatem

117 4036 148 4087 et
171 4026 323 4089 tenebras
346 4035 564 4101 recesserunt;
600 4026 709 4107 itaque
740 4046 780 4088 ne
809 4025 891 4088 ultra
919 4025 1003 4089 hunc
1043 4026 1174 4107 quidem

115 4135 288 4199 terminum
321 4133 474 4216 progredi
503 4133 586 4207 licet,
618 4134 806 4213 praesertIm
842 4154 915 4195 curn
950 4134 1174 4196 Romanorum

1034 4258 1066 4319 7*
