2900 4559
668 237 890 301 ..40-

257 433 436 498 Asiaticam
461 442 517 496 aut
540 433 685 503 insulam.
710 452 776 497 non
799 430 968 506 Graecam,
992 432 1019 494 si
1041 431 1142 495 altera
1167 441 1199 495 et
1221 431 1318 495 tertia

254 552 329 606 sunt
363 540 475 615 insula.
520 540 633 605 urbem
668 550 724 605 aut
758 540 938 603 Asiaticam
971 547 1027 603 aut
1061 538 1223 603 Graecam
1259 548 1319 603 aut

252 649 399 724 insulam,
430 649 456 712 si
487 648 582 713 urbes
614 645 761 712 Graecae
796 655 871 711 suut
905 647 1006 711 altera
1041 655 1073 709 et
1107 647 1201 711 tertia
1226 646 1315 717 urbs.

252 756 388 819 insulam
411 765 467 820 aut
491 757 606 820 urbem
629 752 797 818 Graecam.

356 863 425 927 Iam
442 864 670 945 aggrediamur
685 882 724 927 ea
739 881 824 944 quae
840 860 930 925 evelli
946 869 1084 943 possunt
1099 881 1142 925 ex
1157 862 1318 944 exemplis

252 971 354 1051 partis
385 970 427 1034 A.
458 970 500 1034 ll.
549 969 721 1035 SocietatIs
762 968 970 1032 Achaeorum
1006 966 1162 1042 membra,
1197 968 1223 1030 si
1257 967 1316 1031 lite

252 1077 407 1162 implicita
440 1087 539 1152 erant,
571 1078 612 1141 ad
647 1075 856 1141 Achaeorum
889 1074 1062 1139 concilium
1093 1074 1137 1137 de
1159 1093 1198 1138 ea
1220 1095 1256 1138 re
1279 1085 1315 1137 ut

252 1185 399 1249 venirent
422 1184 552 1248 astricta
567 1194 668 1258 erant,
693 1184 727 1247 id
749 1182 840 1264 quod
854 1182 1001 1263 sequitur
1012 1202 1055 1244 ex
1070 1182 1162 1245 Paus.
1177 1180 1243 1245 VII
1259 1200 1316 1262 9,4

252 1290 319 1379 ἰδίᾳ
330 1291 365 1357 δὲ
377 1289 536 1377 ἀπείρητο
546 1291 590 1375 μὴ
602 1290 840 1375 πρεσβεύεσθαι
852 1286 913 1364 τὰς
926 1286 1037 1365 πόλεις
1055 1283 1129 1355 ὅσαι
1146 1289 1317 1372 συνεδρίου

254 1407 313 1464 τοῦ
337 1390 468 1481 Ἀχαιῶν
498 1410 646 1482 μετεῖχον
675 1396 715 1463 cl.
751 1398 851 1460 etiam
874 1396 950 1470 vlt,
985 1411 1065 1478 12,5.
1112 1396 1237 1461 Achaei
1262 1416 1315 1459 res

253 1516 310 1570 aut
332 1507 393 1589 ipsi
418 1506 575 1570 decidisse
599 1505 753 1569 censendi
775 1513 852 1567 sunt
874 1514 930 1567 aut
958 1505 1012 1567 uni
1044 1524 1086 1567 ex
1115 1505 1214 1567 sociis
1243 1523 1315 1585 per·

253 1614 409 1677 miseruut
431 1622 467 1677 ut
489 1633 518 1677 n.
541 1613 677 1677 XLVIII
692 1612 943 1693 Megarensibus.
991 1612 1145 1675 Fortasse
1159 1610 1213 1673 hic
1228 1630 1317 1674 com·

253 1721 482 1783 memorandus
506 1730 555 1783 est
576 1719 687 1783 titulus
708 1719 858 1794 XXXIV,
881 1739 957 1781 nam
974 1720 1001 1781 si
1016 1718 1127 1782 titulus
1142 1717 1317 1799 ponendus

256 1836 305 1889 est
327 1836 402 1891 ante
430 1827 500 1905 146,
524 1836 595 1889 tum
615 1847 666 1890 res
683 1826 798 1889 eadem
813 1824 911 1890 luisse
926 1835 1053 1909 potest;
1077 1834 1191 1889 contra
1206 1832 1321 1906 potest

253 1952 384 2015 quoque
421 1933 560 2014 cogitari
591 1934 760 1997 Romanos
795 1952 864 1995 rem
897 1932 943 1996 ita
977 1932 1019 1995 ad
1053 1932 1152 1996 finem
1181 1930 1316 2013 perduci

254 2041 393 2107 iussisse.
439 2040 541 2104 Vides
580 2041 655 2104 inde
688 2040 797 2104 locum
830 2039 913 2103 tituli
949 2038 1087 2103 fortasse
1120 2038 1317 2102 mutandum

254 2168 335 2221 esse,
360 2147 417 2210 sed
441 2148 520 2210 certi
543 2147 722 2228 quidquam
747 2148 846 2211 deest
893 2147 991 2209 Haud
1018 2146 1110 2210 aliter
1131 2167 1167 2209 se
1192 2145 1317 2210 habent

252 2253 335 2317 tituli
358 2253 480 2317 XXXII
504 2263 536 2317 et
551 2254 694 2318 XXXIII.
740 2254 827 2318 Num
849 2252 964 2317 foedus
987 2253 1173 2319 Aetolicum
1196 2254 1316 2317 eadem

252 2380 346 2424 usum
369 2361 412 2424 sit
434 2360 506 2442 lege
530 2362 679 2436 nescitur,
704 2380 781 2425 narn
803 2363 836 2424 in
859 2360 955 2424 unico
990 2361 1142 2443 exemplo
1165 2381 1194 2423 n.
1219 2360 1317 2425 XXII

252 2468 347 2531 nimis
371 2488 511 2549 magnae
534 2478 609 2532 sunt
631 2469 764 2533 lacunae
786 2488 886 2551 quam
909 2474 1017 2531 utres
1047 2468 1172 2531 exarari
1194 2469 1310 2550 possit,

253 2595 358 2656 neque
372 2574 580 2639 manifestum
592 2584 651 2652 est,
668 2596 746 2639 num
763 2576 897 2639 omnino
908 2575 1007 2639 etiam
1019 2573 1180 2656 Erythrae
1191 2575 1311 2638 luerint

253 2683 393 2747 loederis
416 2682 507 2746 illius.
555 2683 607 2747 De
630 2684 815 2747 civitatibus
831 2683 1043 2762 Hexapoleos
1059 2681 1192 2745 Doridis
1208 2703 1316 2764 neque

252 2790 389 2853 discerni
413 2798 531 2871 potest,
555 2808 633 2853 num
656 2790 824 2872 obligatae
846 2789 962 2853 luerint
990 2798 1026 2853 ut
1059 2788 1131 2855 lites
1153 2788 1316 2853 deferrent

255 2897 297 2960 ad
334 2896 468 2959 conciIIa
505 2896 616 2960 habita
654 2897 743 2979 apud
788 2916 961 2960 commuue
1004 2915 1132 2959 sacrum
1180 2895 1313 2980 Triopii,

254 3003 412 3085 quonlam
427 3003 490 3066 loci
504 3004 631 3079 desunt,
651 3023 757 3085 neque
773 3024 852 3069 uum
874 3004 901 3066 si
917 3004 962 3067 ita
986 3004 1108 3067 lactum
1124 3011 1193 3066 erat
1209 3006 1314 3068 conci·

257 3109 335 3173 lium
369 3111 497 3174 tertiam
532 3112 689 3174 creaverit
726 3112 866 3175 iudicem
906 3111 1027 3175 urbem.
1073 3110 1188 3192 Neque
1223 3111 1316 3193 plura

255 3217 375 3279 scimus
398 3217 439 3281 de
456 3218 618 3282 iudicandi
641 3218 681 3292 vi,
707 3238 792 3299 quae
811 3226 879 3281 erat
894 3220 944 3303 τῷ
967 3219 1070 3302 κοινῷ
1091 3224 1161 3283 τῶν
1180 3216 1315 3283 πόλεων

254 3323 471 3390 Aeolicarum.
511 3322 554 3389 Τὸ
569 3324 682 3389 κοινὸν
695 3332 766 3391 τῶν
781 3316 898 3393 Ἰώνων
913 3344 990 3387 num
1007 3324 1166 3388 interdum
1183 3327 1315 3389 tertiam

254 3431 368 3497 urbem
407 3431 546 3495 iudicare
583 3432 785 3496 constituerit
819 3434 994 3497 obscurum
1027 3441 1086 3504 est,
1129 3432 1163 3494 id
1206 3433 1314 3515 Ipsum

253 3538 412 3603 iudicasse
435 3537 575 3601 vidimus
597 3534 659 3622 κγ’,
682 3549 795 3602 contra
817 3559 883 3601 non
906 3547 974 3602 erat
1005 3538 1058 3601 lex
1081 3547 1116 3602 ut
1140 3540 1251 3602 omnia
1273 3541 1316 3603 ad

256 3646 288 3709 id
321 3644 529 3719 deferrentur,
554 3646 703 3728 quamvis
726 3646 822 3713 Dion.
847 3646 920 3709 Hal.
944 3654 1008 3710 ant
1025 3646 1120 3712 Rom.
1145 3646 1191 3708 IV
1215 3659 1255 3726 25
1281 3648 1314 3709 id

254 3752 391 3815 affirmet
413 3750 449 3814 ct
475 3772 504 3815 n.
530 3753 644 3817 XVIII.
689 3754 799 3835 Reges
822 3773 901 3815 num
922 3752 1002 3817 tales
1032 3772 1145 3816 causas
1175 3754 1315 3816 curarint

254 3860 287 3922 in
315 3859 416 3923 dubio
444 3868 500 3921 est.
545 3858 643 3924 Certe
664 3858 706 3929 C.›
721 3860 747 3942 J.
773 3858 811 3923 G.
838 3873 925 3940 2254
953 3859 1167 3942 Lysimachus
1189 3880 1248 3924 rex
1270 3861 1312 3925 de

260 3965 380 4031 Samiis
403 3974 438 4030 et
467 3966 692 4031 Prienensibus
722 3968 849 4030 videtur
877 3968 946 4046 lpse
977 3967 1175 4041 discrevisse,
1200 3969 1258 4032 sed
1281 3990 1311 4032 n.

258 4072 319 4136 LV
334 4072 519 4138 Demetrius
535 4093 593 4137 rex
608 4093 676 4137 rem
690 4082 758 4137 aut.
771 4074 901 4137 omnino
925 4073 1067 4156 neglexit
1090 4084 1147 4138 aut
1169 4074 1315 4139 Lamien·
