2900 4559
668 282 911 343 -106—

260 475 357 539 etiam
395 475 480 539 foras
516 476 683 539 diiudicari
716 484 895 558 possunt‹;
935 495 1010 539 nam
1042 474 1105 537 hoc
1138 474 1221 546 dico,
1255 496 1326 537 non

263 592 457 671 »postquam
490 585 577 647 domi
609 584 803 647 diiudicatae
833 593 943 657 sunt«,
978 583 1131 662 quoniam
1164 604 1325 665 provoca-

260 689 358 753 tionis
382 691 501 753 nullum
526 692 557 754 in
581 692 649 753 iure
673 692 786 753 Attico
817 690 1005 771 exemplum
1037 692 1197 753 invenitur
1220 690 1262 753 ci.
1279 691 1325 753 de

258 796 540 870 Wiiamowitzium
554 800 728 883 Kydarlren
740 818 772 878 p.
786 801 827 877 89
836 807 869 862 et
881 798 1058 861 Schullium
1076 798 1136 861 »de
1148 798 1326 879 synegoris
1427 877 1428 884 ἵ

258 906 378 969 Atticis
411 907 662 983 commentatio«
695 926 725 987 p.
747 923 785 984 19
802 906 901 981 tadu,
938 924 1078 985 quorum
1112 906 1252 967 virorum
1289 915 1326 968 et

211 1076 216 1086 ,
261 1012 426 1076 doctrinae
451 1021 484 1075 et
507 1013 692 1093 diligentiae
715 1014 792 1075 satis
816 1011 936 1076 confidi
967 1022 1078 1093 potest
1107 1013 1197 1094 apud
1223 1012 1325 1094 scrip·

259 1129 347 1183 tores
370 1119 433 1183 tale
458 1121 644 1203 exemplum
668 1140 734 1183 non
758 1129 903 1196 exstare3
929 1140 1012 1201 quae
1036 1140 1141 1201 pauca
1165 1121 1196 1182 in
1220 1118 1325 1182 titulis
1427 1123 1428 1172 ἶ

259 1247 299 1291 co
323 1234 470 1307 spectare
494 1228 651 1303 videntur,
677 1227 767 1289 aliter
791 1248 825 1289 se
840 1228 962 1291 habere
979 1227 1220 1292 demonstrabo,
1255 1225 1325 1324 Sed
1427 1235 1428 1252 ¹

260 1334 401 1416 primum
432 1334 512 1400 Ditt.
532 1350 573 1415 79
597 1335 638 1399 ad
661 1334 760 1397 finem
783 1344 988 1414 pertractem.
1033 1334 1175 1397 Ubinam
1198 1334 1325 1395 dictum
1427 1363 1428 1368 κ

263 1450 312 1505 est
328 1442 506 1522 quidquam
522 1442 563 1503 de
578 1444 829 1525 provocatione?
851 1445 968 1507 Nonne
984 1443 1011 1505 si
1027 1443 1069 1504 de
1085 1462 1124 1503 ea
1139 1441 1192 1521 agi
1208 1450 1324 1522 putan·
1427 1489 1428 1524 3

257 1550 335 1613 dum
348 1558 443 1623 esset,
462 1559 670 1632 exspectares
682 1572 711 1613 v.
727 1565 768 1631 74
780 1551 954 1635 ποιήσομαι
966 1548 1002 1615 ἐν
1017 1548 1094 1633 Κίῳ
1109 1550 1175 1622 καί,
1191 1546 1251 1613 ἐὰν
1266 1543 1323 1631 ἡτ-

256 1660 363 1741 τηθῶ,
381 1655 501 1737 ἐξέστω
516 1682 569 1741 μοι
585 1655 749 1743 ἔκκλητον
764 1659 951 1723 ποιεῖσθαιί
968 1658 1020 1720 vel
1034 1654 1070 1721 iv
1088 1656 1164 1740 Κέῳ
1181 1657 1246 1733 καί,
1263 1652 1327 1720 ἐὰν
1427 1669 1428 1734 ξ

258 1760 334 1842 δίῳ,
369 1763 489 1845 ἐξέστω
517 1769 567 1849 τῳ
597 1762 755 1849 ἀντιδίκῳ
785 1762 956 1850 ἔκκλητον
987 1763 1172 1829 nominetur?
1208 1762 1253 1825 Ut
1290 1783 1326 1825 re

256 1891 333 1934 vera
357 1872 398 1935 de
421 1873 655 1953 provocatione
677 1892 786 1935 sermo
808 1883 902 1947 esset,
928 1874 983 1955 qui
1007 1880 1213 1943 verteremus,
1231 1871 1326 1950 quod
1427 1857 1428 1882 ³

258 1978 491 2059 Dittenberger
513 1990 600 2043 recte
622 1979 796 2062 supplevit,
821 1980 994 2063 ποιήσομαι
1018 1976 1078 2055 τὰς
1101 1978 1193 2053 δίκας
1209 1973 1326 2059 ἐκκλή-

258 2086 356 2161 τουςί
401 2087 530 2166 Nempe
558 2088 629 2151 »ich
644 2089 721 2151 will
735 2089 789 2152 die
812 2090 965 2153 Processe
980 2088 1110 2171 frilzren
1133 2087 1185 2149 ols
1206 2085 1325 2157 solclze,

258 2196 294 2259 in
334 2196 435 2259 denen
470 2196 686 2259 Provocation
725 2196 867 2278 migliclr
905 2198 978 2259 ist«.
1038 2193 1104 2257 Sed
1143 2211 1220 2253 num
1259 2189 1325 2252 hae
1427 2195 1428 2234 3

261 2320 377 2363 causae
400 2300 491 2368 aliter
514 2302 713 2365 instruuntur
738 2311 770 2363 et
793 2311 934 2382 aguntur
955 2322 1051 2382 quam
1067 2320 1136 2373 eae,
1154 2299 1185 2360 in
1202 2297 1323 2378 quibus
1427 2373 1428 2390 ἶ

261 2410 451 2489 provocatio
487 2428 552 2471 non
583 2408 649 2471 est?
694 2408 871 2472 Versamur
900 2410 932 2471 in
965 2410 1032 2470 iure
1068 2405 1213 2476 iurando
1254 2424 1321 2484 quo
1427 2439 1429 2455 ι

260 2514 317 2579 Cei
340 2516 468 2579 subacti
491 2515 747 2579 Atheniensibus
771 2525 805 2579 et
827 2514 901 2578 Ceis
924 2516 1064 2577 redactis
1094 2514 1215 2595 aliquid
1247 2532 1320 2591 pro·
1427 2563 1429 2602 ss

258 2623 384 2687 misisse
407 2624 555 2687 dicuntur
578 2643 629 2689 vv.
645 2624 687 2701 69
711 2643 758 2705 sq.
796 2622 862 2685 Sed
886 2625 912 2685 si
928 2621 1171 2702 Dittenbergeri
1196 2620 1319 2681 coniec·

147 2772 159 2800 ι
258 2740 347 2795 turas
382 2732 512 2813 probas,
549 2731 674 2793 etiamsi
705 2728 961 2794 Atheniensibus
985 2730 1105 2809 aliquid
1128 2727 1321 2810 pollicentur

259 2838 438 2911 decausis,
464 2838 505 2901 de
529 2836 602 2900 Ceis
626 2837 765 2900 redactis
790 2837 866 2900 nihil
890 2838 982 2911 inest,
1013 2837 1103 2919 quod
1133 2836 1175 2897 ad
1206 2852 1320 2897 eorum

259 2948 465 3009 securitatem
489 2945 657 3027 pertineat.
705 2944 787 3022 Puto
812 2946 909 3025 igitur
933 2946 1147 3008 constitutum
1169 2941 1268 3005 fuisse
1286 2949 1321 3002 ut

259 3074 325 3117 non
364 3050 398 3118 ni
435 3053 558 3137 γραφαὶ
596 3048 629 3115 αἱ
666 3040 741 3115 κατ>
778 3042 964 3137 Ἀθηναίων
1000 3052 1089 3117 solae
1118 3051 1176 3114 sed
1206 3068 1320 3111 omnes

259 3180 376 3223 causae
407 3168 440 3223 et
470 3160 501 3222 in
532 3159 750 3223 Athenienses
781 3160 954 3241 sociosque
983 3169 1018 3222 et
1048 3159 1133 3223 Ceos
1168 3157 1321 3219 redactos

261 3277 293 3331 et
340 3266 397 3331 Cei
443 3275 475 3329 et
513 3265 651 3329 Athenis
697 3286 796 3347 agere
840 3268 959 3341 liceret,
998 3268 1031 3329 id
1078 3266 1166 3346 quod
1206 3262 1319 3335 efficio,

260 3394 335 3439 cum
367 3373 508 3437 scribam
539 3370 607 3447 ταὶς,
628 3371 663 3435 δὲ
676 3373 677 3377 ’
691 3372 782 3447 δίκας
805 3376 862 3438 καὶ
883 3371 958 3457 ahie
982 3370 1111 3457 γραφὰς
1133 3371 1170 3436 ἐν
1193 3372 1278 3456 Κέῳ,
1302 3368 1321 3454 ἢ

259 3471 413 3567 Ἀθήνησι
445 3480 629 3565 ποιήσομαι]
658 3478 766 3554 παίσας
796 3477 953 3564 {axioma
982 3477 1082 3563 x[nrci
1111 3477 1171 3555 τὰς
1200 3478 1319 3561 συνδή-

259 3613 329 3663 κας,
359 3582 479 3653 ὁπόσαι
510 3582 552 3651 δν
569 3578 660 3649 ’ὦσιν
690 3580 775 3671 ὑπὲρ
803 3582 935 3671 iberia
962 3586 1105 3671 δραχμάς
1128 3586 1178 3649 vel
1202 3584 1264 3661 τὰς
1288 3585 1320 3649 δὲ
1427 3583 1429 3595 ¹

261 3696 355 3771 δίκας
392 3696 448 3758 καὶ
483 3691 557 3778 ride
593 3688 722 3776 γραφὰς
754 3688 827 3757 ὅσαι
860 3689 902 3757 ἄν
937 3693 1097 3776 γίνωνται
1132 3693 1319 3776 ποιήσομαι]

260 3802 367 3876 πάσας
402 3798 560 3885 ἐκκλὴτας
597 3800 665 3883 adai
701 3796 738 3863 ἓν
769 3800 844 3884 Κέῳ
874 3804 1034 3885 κριθῆναι
1066 3795 1137 3864 ὅσαι
1170 3795 1213 3863 ἂν
1240 3791 1321 3863 ὦσιν

260 3906 344 3992 ὑπὲρ
368 3904 501 3996 ἓ]κατδν
516 3907 659 3992 δραχμάς
664 3939 675 3982 ‚·
698 3906 793 3969 simul
816 3906 865 3969 his
888 3908 1082 3970 coniecturis
1106 3908 1206 3970 verba
1229 3928 1259 3969 ν.
1282 3918 1321 3985 50

260 4016 379 4080 tradita
401 4014 510 4097 paullo
534 4014 648 4076 melius
669 4013 897 4097 intelliguntur.
936 4012 972 4075 Id
989 4015 1073 4077 enirn
1090 4015 1321 4094 Dittenberger
1427 4064 1429 4069 .

264 4133 352 4187 recte
376 4124 465 4198 dixit,
492 4142 557 4184 non
581 4121 714 4184 omnino
737 4120 822 4185 Ceos
853 4121 895 4184 de
925 4121 1085 4185 eiusmodi
1118 4123 1216 4185 rebus
1248 4121 1322 4184 iudi·
