<?xml version="1.0" encoding="UTF-8"?>
<!DOCTYPE html PUBLIC "-//W3C//DTD XHTML 1.0 Transitional//EN"
    "http://www.w3.org/TR/xhtml1/DTD/xhtml1-transitional.dtd">
<html xmlns="http://www.w3.org/1999/xhtml" xml:lang="en" lang="en">
 <head>
  <title>
</title>
<meta http-equiv="Content-Type" content="text/html;charset=utf-8" />
  <meta name='ocr-system' content='tesseract 3.04.00' />
  <meta name='ocr-capabilities' content='ocr_page ocr_carea ocr_par ocr_line ocrx_word'/>
</head>
<body>
  <div class='ocr_page' id='page_1' title='image "./dearbitrisexter00sonngoog_0126.png"; bbox 0 0 2900 4559; ppageno 0'>
   <div class='ocr_carea' id='block_1_1' title="bbox 693 1243 912 1325">
    <p class='ocr_par' dir='ltr' id='par_1_1' title="bbox 693 1243 912 1325">
     <span class='ocr_line' id='line_1_1' title="bbox 693 1243 912 1325; baseline 0 0"><span class='ocrx_word' id='word_1_1' title='bbox 693 1243 912 1325; x_wconf 84' lang='lat' dir='ltr'>Addonda.</span> 
     </span>
    </p>
   </div>
   <div class='ocr_carea' id='block_1_2' title="bbox 260 1431 1334 4196">
    <p class='ocr_par' dir='ltr' id='par_1_2' title="bbox 260 1431 1334 4196">
     <span class='ocr_line' id='line_1_2' title="bbox 371 1431 1331 1517; baseline -0.002 -20"><span class='ocrx_word' id='word_1_2' title='bbox 371 1435 431 1497; x_wconf 88' lang='lat' dir='ltr'>His</span> <span class='ocrx_word' id='word_1_3' title='bbox 453 1434 532 1517; x_wconf 90' lang='lat' dir='ltr'>ipsis</span> <span class='ocrx_word' id='word_1_4' title='bbox 556 1435 671 1498; x_wconf 90' lang='lat' dir='ltr'>diebus</span> <span class='ocrx_word' id='word_1_5' title='bbox 704 1434 829 1496; x_wconf 89' lang='lat' dir='ltr'>editum</span> <span class='ocrx_word' id='word_1_6' title='bbox 859 1442 909 1497; x_wconf 92' lang='lat' dir='ltr'>est</span> <span class='ocrx_word' id='word_1_7' title='bbox 937 1431 1175 1497; x_wconf 87' lang='lat' dir='ltr'>Genethliacon</span> <span class='ocrx_word' id='word_1_8' title='bbox 1199 1432 1331 1497; x_wconf 87' lang='lat' dir='ltr'>Gottin-</span> 
     </span>
     <span class='ocr_line' id='line_1_3' title="bbox 269 1540 1331 1623; baseline -0.002 -18"><span class='ocrx_word' id='word_1_9' title='bbox 269 1561 379 1622; x_wconf 85' lang='lat' dir='ltr'>gense,</span> <span class='ocrx_word' id='word_1_10' title='bbox 408 1562 474 1623; x_wconf 91' lang='lat' dir='ltr'>quo</span> <span class='ocrx_word' id='word_1_11' title='bbox 506 1543 538 1604; x_wconf 92' lang='lat' dir='ltr'>in</span> <span class='ocrx_word' id='word_1_12' title='bbox 561 1542 644 1605; x_wconf 84' lang='lat' dir='ltr'>libro</span> <span class='ocrx_word' id='word_1_13' title='bbox 668 1562 721 1623; x_wconf 89' lang='lat' dir='ltr'>pp.</span> <span class='ocrx_word' id='word_1_14' title='bbox 740 1555 780 1621; x_wconf 82' lang='lat'>54</span> <span class='ocrx_word' id='word_1_15' title='bbox 803 1560 873 1622; x_wconf 91' lang='lat' dir='ltr'>sqq.</span> <span class='ocrx_word' id='word_1_16' title='bbox 887 1540 1004 1604; x_wconf 91' lang='lat' dir='ltr'>Paulus</span> <span class='ocrx_word' id='word_1_17' title='bbox 1026 1540 1167 1604; x_wconf 86' lang='lat' dir='ltr'>Viereck</span> <span class='ocrx_word' id='word_1_18' title='bbox 1197 1540 1331 1603; x_wconf 83' lang='lat' dir='ltr'>titulum</span> 
     </span>
     <span class='ocr_line' id='line_1_4' title="bbox 264 1647 1332 1730; baseline -0.002 -19"><span class='ocrx_word' id='word_1_19' title='bbox 264 1648 298 1711; x_wconf 87' lang='lat' dir='ltr'>C.</span> <span class='ocrx_word' id='word_1_20' title='bbox 319 1650 342 1730; x_wconf 91' lang='lat' dir='ltr'>J.</span> <span class='ocrx_word' id='word_1_21' title='bbox 360 1647 444 1715; x_wconf 81' lang='lat' dir='ltr'>G.11</span> <span class='ocrx_word' id='word_1_22' title='bbox 475 1648 549 1714; x_wconf 88' lang='lat' dir='ltr'>add.</span> <span class='ocrx_word' id='word_1_23' title='bbox 576 1649 685 1727; x_wconf 82' lang='lat' dir='ltr'>2561b</span> <span class='ocrx_word' id='word_1_24' title='bbox 716 1676 760 1707; x_wconf 87' lang='lat'><strong><em>=</em></strong></span> <span class='ocrx_word' id='word_1_25' title='bbox 791 1668 844 1711; x_wconf 88' lang='lat' dir='ltr'>nn.</span> <span class='ocrx_word' id='word_1_26' title='bbox 868 1648 994 1711; x_wconf 90' lang='lat' dir='ltr'>XXXV</span> <span class='ocrx_word' id='word_1_27' title='bbox 1021 1668 1069 1729; x_wconf 89' lang='lat' dir='ltr'>sq.</span> <span class='ocrx_word' id='word_1_28' title='bbox 1093 1647 1332 1711; x_wconf 78' lang='lat' dir='ltr'>dissertationis</span> 
     </span>
     <span class='ocr_line' id='line_1_5' title="bbox 264 1753 1332 1833; baseline -0.001 -15"><span class='ocrx_word' id='word_1_29' title='bbox 264 1775 357 1818; x_wconf 89' lang='lat' dir='ltr'>meae</span> <span class='ocrx_word' id='word_1_30' title='bbox 387 1755 620 1818; x_wconf 91' lang='lat' dir='ltr'>commentario</span> <span class='ocrx_word' id='word_1_31' title='bbox 656 1755 817 1818; x_wconf 87' lang='lat' dir='ltr'>instruxit.</span> <span class='ocrx_word' id='word_1_32' title='bbox 864 1754 961 1831; x_wconf 92' lang='lat' dir='ltr'>Quod</span> <span class='ocrx_word' id='word_1_33' title='bbox 997 1753 1186 1818; x_wconf 89' lang='lat' dir='ltr'>Viereckius</span> <span class='ocrx_word' id='word_1_34' title='bbox 1221 1774 1332 1833; x_wconf 90' lang='lat' dir='ltr'>paene</span> 
     </span>
     <span class='ocr_line' id='line_1_6' title="bbox 264 1861 1333 1943; baseline -0.001 -18"><span class='ocrx_word' id='word_1_35' title='bbox 264 1863 379 1925; x_wconf 88' lang='lat' dir='ltr'>eadem</span> <span class='ocrx_word' id='word_1_36' title='bbox 403 1862 525 1924; x_wconf 88' lang='lat' dir='ltr'>invenit</span> <span class='ocrx_word' id='word_1_37' title='bbox 540 1871 640 1942; x_wconf 88' lang='lat' dir='ltr'>atque</span> <span class='ocrx_word' id='word_1_38' title='bbox 657 1882 731 1943; x_wconf 87' lang='lat' dir='ltr'>ego,</span> <span class='ocrx_word' id='word_1_39' title='bbox 756 1862 894 1942; x_wconf 82' lang='lat' dir='ltr'>gaudeo,</span> <span class='ocrx_word' id='word_1_40' title='bbox 929 1862 1036 1925; x_wconf 91' lang='lat' dir='ltr'>Pauca</span> <span class='ocrx_word' id='word_1_41' title='bbox 1051 1872 1161 1925; x_wconf 88' lang='lat' dir='ltr'>tamen</span> <span class='ocrx_word' id='word_1_42' title='bbox 1177 1861 1333 1924; x_wconf 87' lang='lat' dir='ltr'>addenda</span> 
     </span>
     <span class='ocr_line' id='line_1_7' title="bbox 265 1968 1332 2051; baseline 0.001 -21"><span class='ocrx_word' id='word_1_43' title='bbox 265 1968 341 2031; x_wconf 95' lang='lat' dir='ltr'>mihi</span> <span class='ocrx_word' id='word_1_44' title='bbox 365 1970 514 2031; x_wconf 89' lang='lat' dir='ltr'>videntur</span> <span class='ocrx_word' id='word_1_45' title='bbox 537 1989 617 2031; x_wconf 90' lang='lat' dir='ltr'>esse.</span> <span class='ocrx_word' id='word_1_46' title='bbox 664 1970 708 2031; x_wconf 91' lang='lat' dir='ltr'>Et</span> <span class='ocrx_word' id='word_1_47' title='bbox 731 1970 873 2051; x_wconf 94' lang='lat' dir='ltr'>primum</span> <span class='ocrx_word' id='word_1_48' title='bbox 889 1969 1023 2051; x_wconf 89' lang='lat' dir='ltr'>quidem</span> <span class='ocrx_word' id='word_1_49' title='bbox 1040 1968 1145 2033; x_wconf 85' lang='lat' dir='ltr'>fateor</span> <span class='ocrx_word' id='word_1_50' title='bbox 1160 1968 1332 2033; x_wconf 83' lang='lat' dir='ltr'>consulem</span> 
     </span>
     <span class='ocr_line' id='line_1_8' title="bbox 263 2075 1333 2158; baseline 0 -19"><span class='ocrx_word' id='word_1_51' title='bbox 263 2076 417 2139; x_wconf 86' lang='lat' dir='ltr'>Pisonem</span> <span class='ocrx_word' id='word_1_52' title='bbox 440 2076 515 2137; x_wconf 87' lang='lat' dir='ltr'>anni</span> <span class='ocrx_word' id='word_1_53' title='bbox 543 2092 603 2155; x_wconf 85' lang='lat'>139</span> <span class='ocrx_word' id='word_1_54' title='bbox 627 2097 680 2139; x_wconf 94' lang='lat' dir='ltr'>me</span> <span class='ocrx_word' id='word_1_55' title='bbox 705 2076 829 2158; x_wconf 84' lang='lat' dir='ltr'>fugisse</span> <span class='ocrx_word' id='word_1_56' title='bbox 848 2085 1002 2157; x_wconf 87' lang='lat' dir='ltr'>recteque</span> <span class='ocrx_word' id='word_1_57' title='bbox 1017 2076 1225 2141; x_wconf 90' lang='lat' dir='ltr'>Viereckium</span> <span class='ocrx_word' id='word_1_58' title='bbox 1241 2075 1333 2139; x_wconf 91' lang='lat' dir='ltr'>hunc</span> 
     </span>
     <span class='ocr_line' id='line_1_9' title="bbox 264 2182 1332 2263; baseline 0 -18"><span class='ocrx_word' id='word_1_59' title='bbox 264 2184 296 2245; x_wconf 90' lang='lat' dir='ltr'>in</span> <span class='ocrx_word' id='word_1_60' title='bbox 319 2182 413 2246; x_wconf 90' lang='lat' dir='ltr'>titulo</span> <span class='ocrx_word' id='word_1_61' title='bbox 437 2184 684 2247; x_wconf 89' lang='lat' dir='ltr'>commemorari</span> <span class='ocrx_word' id='word_1_62' title='bbox 702 2182 889 2247; x_wconf 80' lang='lat' dir='ltr'>affirmasse.</span> <span class='ocrx_word' id='word_1_63' title='bbox 920 2183 1035 2263; x_wconf 87' lang='lat' dir='ltr'>Neque</span> <span class='ocrx_word' id='word_1_64' title='bbox 1051 2192 1162 2246; x_wconf 90' lang='lat' dir='ltr'>tamen</span> <span class='ocrx_word' id='word_1_65' title='bbox 1179 2184 1332 2246; x_wconf 88' lang='lat' dir='ltr'>concedo</span> 
     </span>
     <span class='ocr_line' id='line_1_10' title="bbox 263 2286 1332 2379; baseline 0 -24"><span class='ocrx_word' id='word_1_66' title='bbox 263 2310 281 2355; x_wconf 88' lang='lat' dir='ltr'>e</span> <span class='ocrx_word' id='word_1_67' title='bbox 310 2290 417 2353; x_wconf 89' lang='lat' dir='ltr'>verbis</span> <span class='ocrx_word' id='word_1_68' title='bbox 441 2310 469 2353; x_wconf 92' lang='lat' dir='ltr'>v.</span> <span class='ocrx_word' id='word_1_69' title='bbox 488 2302 528 2370; x_wconf 85' lang='lat'>50</span> <span class='ocrx_word' id='word_1_70' title='bbox 558 2290 709 2376; x_wconf 78' lang='grc' dir='ltr'>δοθείσης</span> <span class='ocrx_word' id='word_1_71' title='bbox 738 2291 772 2355; x_wconf 78' lang='grc' dir='ltr'>δὲ</span> <span class='ocrx_word' id='word_1_72' title='bbox 803 2292 955 2375; x_wconf 80' lang='grc' dir='ltr'><strong>(κρίσεως</strong></span> <span class='ocrx_word' id='word_1_73' title='bbox 983 2288 1083 2373; x_wconf 80' lang='grc' dir='ltr'>κα)τά</span> <span class='ocrx_word' id='word_1_74' title='bbox 1115 2286 1332 2379; x_wconf 77' lang='grc' dir='ltr'>[ἓκα]τ[ε]ρας</span> 
     </span>
     <span class='ocr_line' id='line_1_11' title="bbox 263 2395 1331 2482; baseline -0.001 -21"><span class='ocrx_word' id='word_1_75' title='bbox 263 2395 392 2472; x_wconf 77' lang='grc' dir='ltr'><strong><em>πόλεως</em></strong></span> <span class='ocrx_word' id='word_1_76' title='bbox 415 2396 580 2482; x_wconf 77' lang='grc' dir='ltr'><strong><em>πρότερόν</em></strong></span> <span class='ocrx_word' id='word_1_77' title='bbox 603 2420 639 2461; x_wconf 82' lang='grc' dir='ltr'>τε</span> <span class='ocrx_word' id='word_1_78' title='bbox 654 2399 711 2462; x_wconf 86' lang='grc' dir='ltr'>καὶ</span> <span class='ocrx_word' id='word_1_79' title='bbox 726 2406 789 2461; x_wconf 77' lang='grc' dir='ltr'>νῦν</span> <span class='ocrx_word' id='word_1_80' title='bbox 802 2398 1011 2461; x_wconf 86' lang='lat' dir='ltr'>Viereckium</span> <span class='ocrx_word' id='word_1_81' title='bbox 1026 2408 1114 2463; x_wconf 92' lang='lat' dir='ltr'>recte</span> <span class='ocrx_word' id='word_1_82' title='bbox 1130 2398 1331 2462; x_wconf 88' lang='lat' dir='ltr'>concludere</span> 
     </span>
     <span class='ocr_line' id='line_1_12' title="bbox 263 2504 1333 2587; baseline 0.001 -20"><span class='ocrx_word' id='word_1_83' title='bbox 263 2506 432 2567; x_wconf 89' lang='lat' dir='ltr'>Romanos</span> <span class='ocrx_word' id='word_1_84' title='bbox 456 2505 507 2567; x_wconf 92' lang='lat' dir='ltr'>bis</span> <span class='ocrx_word' id='word_1_85' title='bbox 531 2504 698 2577; x_wconf 90' lang='lat' dir='ltr'>iudicasse,</span> <span class='ocrx_word' id='word_1_86' title='bbox 723 2506 813 2587; x_wconf 90' lang='lat' dir='ltr'>prius</span> <span class='ocrx_word' id='word_1_87' title='bbox 839 2525 898 2587; x_wconf 90' lang='lat' dir='ltr'>per</span> <span class='ocrx_word' id='word_1_88' title='bbox 921 2504 1104 2587; x_wconf 86' lang='lat' dir='ltr'>Sulpicium</span> <span class='ocrx_word' id='word_1_89' title='bbox 1128 2507 1244 2570; x_wconf 90' lang='lat' dir='ltr'>iterum</span> <span class='ocrx_word' id='word_1_90' title='bbox 1267 2526 1333 2585; x_wconf 90' lang='lat' dir='ltr'>per</span> 
     </span>
     <span class='ocr_line' id='line_1_13' title="bbox 263 2612 1330 2695; baseline 0.001 -21"><span class='ocrx_word' id='word_1_91' title='bbox 263 2612 411 2678; x_wconf 90' lang='lat' dir='ltr'>Fabium.</span> <span class='ocrx_word' id='word_1_92' title='bbox 459 2613 544 2674; x_wconf 90' lang='lat' dir='ltr'>Nam</span> <span class='ocrx_word' id='word_1_93' title='bbox 567 2633 598 2673; x_wconf 90' lang='lat' dir='ltr'>v.</span> <span class='ocrx_word' id='word_1_94' title='bbox 612 2615 653 2689; x_wconf 86' lang='lat'>48</span> <span class='ocrx_word' id='word_1_95' title='bbox 678 2612 818 2695; x_wconf 85' lang='lat' dir='ltr'>legimus</span> <span class='ocrx_word' id='word_1_96' title='bbox 841 2612 1020 2695; x_wconf 91' lang='lat' dir='ltr'>Sulpicium</span> <span class='ocrx_word' id='word_1_97' title='bbox 1044 2614 1130 2676; x_wconf 87' lang='lat' dir='ltr'>bello</span> <span class='ocrx_word' id='word_1_98' title='bbox 1154 2614 1330 2694; x_wconf 85' lang='lat' dir='ltr'>Hierapyt-</span> 
     </span>
     <span class='ocr_line' id='line_1_14' title="bbox 266 2719 1332 2804; baseline 0.004 -24"><span class='ocrx_word' id='word_1_99' title='bbox 266 2719 393 2781; x_wconf 90' lang='lat' dir='ltr'>niorum</span> <span class='ocrx_word' id='word_1_100' title='bbox 418 2728 450 2781; x_wconf 94' lang='lat' dir='ltr'>et</span> <span class='ocrx_word' id='word_1_101' title='bbox 465 2719 642 2783; x_wconf 86' lang='lat' dir='ltr'>Itaniorum</span> <span class='ocrx_word' id='word_1_102' title='bbox 666 2720 764 2784; x_wconf 86' lang='lat' dir='ltr'>finem</span> <span class='ocrx_word' id='word_1_103' title='bbox 789 2720 992 2800; x_wconf 87' lang='lat' dir='ltr'>imposuisse,</span> <span class='ocrx_word' id='word_1_104' title='bbox 1018 2741 1093 2784; x_wconf 92' lang='lat' dir='ltr'>cum</span> <span class='ocrx_word' id='word_1_105' title='bbox 1117 2721 1332 2804; x_wconf 87' lang='lat' dir='ltr'>persuaderet</span> 
     </span>
     <span class='ocr_line' id='line_1_15' title="bbox 262 2826 1332 2912; baseline 0.003 -24"><span class='ocrx_word' id='word_1_106' title='bbox 262 2826 381 2900; x_wconf 88' lang='lat' dir='ltr'>Itaniis,</span> <span class='ocrx_word' id='word_1_107' title='bbox 408 2835 443 2889; x_wconf 89' lang='lat' dir='ltr'>ut</span> <span class='ocrx_word' id='word_1_108' title='bbox 468 2835 500 2889; x_wconf 89' lang='lat' dir='ltr'>et</span> <span class='ocrx_word' id='word_1_109' title='bbox 523 2826 583 2909; x_wconf 91' lang='lat' dir='ltr'>ipsi</span> <span class='ocrx_word' id='word_1_110' title='bbox 600 2836 732 2891; x_wconf 88' lang='lat' dir='ltr'>senatus</span> <span class='ocrx_word' id='word_1_111' title='bbox 748 2828 901 2890; x_wconf 92' lang='lat' dir='ltr'>iudicium</span> <span class='ocrx_word' id='word_1_112' title='bbox 917 2828 1042 2891; x_wconf 89' lang='lat' dir='ltr'>adirent</span> <span class='ocrx_word' id='word_1_113' title='bbox 1058 2828 1098 2904; x_wconf 66' lang='lat' dir='ltr'>ci</span> <span class='ocrx_word' id='word_1_114' title='bbox 1111 2828 1332 2912; x_wconf 71' lang='grc' dir='ltr'><strong><em>κατήχθησαν</em></strong></span> 
     </span>
     <span class='ocr_line' id='line_1_16' title="bbox 261 2933 1331 3017; baseline 0.003 -21"><span class='ocrx_word' id='word_1_115' title='bbox 261 2934 325 2997; x_wconf 80' lang='grc' dir='ltr'><strong><em>καί.</em></strong></span> <span class='ocrx_word' id='word_1_116' title='bbox 339 2933 435 2996; x_wconf 89' lang='lat' dir='ltr'>Certe</span> <span class='ocrx_word' id='word_1_117' title='bbox 445 2933 530 2996; x_wconf 89' lang='lat' dir='ltr'>enim</span> <span class='ocrx_word' id='word_1_118' title='bbox 540 2933 701 3017; x_wconf 88' lang='lat' dir='ltr'>Sulpicius</span> <span class='ocrx_word' id='word_1_119' title='bbox 714 2935 881 2997; x_wconf 90' lang='lat' dir='ltr'>decretum</span> <span class='ocrx_word' id='word_1_120' title='bbox 893 2934 934 2997; x_wconf 98' lang='lat' dir='ltr'>de</span> <span class='ocrx_word' id='word_1_121' title='bbox 944 2933 1062 2997; x_wconf 86' lang='lat' dir='ltr'>finibus</span> <span class='ocrx_word' id='word_1_122' title='bbox 1072 2935 1331 3005; x_wconf 85' lang='lat' dir='ltr'>determinandis</span> 
     </span>
     <span class='ocr_line' id='line_1_17' title="bbox 265 3039 1331 3123; baseline 0.001 -20"><span class='ocrx_word' id='word_1_123' title='bbox 265 3039 395 3104; x_wconf 85' lang='lat' dir='ltr'>Cretam</span> <span class='ocrx_word' id='word_1_124' title='bbox 419 3040 553 3103; x_wconf 91' lang='lat' dir='ltr'>omnino</span> <span class='ocrx_word' id='word_1_125' title='bbox 577 3061 641 3103; x_wconf 91' lang='lat' dir='ltr'>nou</span> <span class='ocrx_word' id='word_1_126' title='bbox 666 3041 781 3116; x_wconf 91' lang='lat' dir='ltr'>attulit,</span> <span class='ocrx_word' id='word_1_127' title='bbox 807 3061 880 3104; x_wconf 88' lang='lat' dir='ltr'>cum</span> <span class='ocrx_word' id='word_1_128' title='bbox 897 3050 1027 3105; x_wconf 91' lang='lat' dir='ltr'>senatus</span> <span class='ocrx_word' id='word_1_129' title='bbox 1043 3043 1085 3105; x_wconf 90' lang='lat' dir='ltr'>ab</span> <span class='ocrx_word' id='word_1_130' title='bbox 1101 3042 1331 3123; x_wconf 89' lang='lat' dir='ltr'>Hierapytniis</span> 
     </span>
     <span class='ocr_line' id='line_1_18' title="bbox 263 3147 1331 3230; baseline 0 -19"><span class='ocrx_word' id='word_1_131' title='bbox 263 3147 349 3211; x_wconf 94' lang='lat' dir='ltr'>bello</span> <span class='ocrx_word' id='word_1_132' title='bbox 380 3148 545 3230; x_wconf 88' lang='lat' dir='ltr'>oppressis</span> <span class='ocrx_word' id='word_1_133' title='bbox 574 3148 739 3230; x_wconf 80' lang='lat' dir='ltr'>implorati</span> <span class='ocrx_word' id='word_1_134' title='bbox 770 3148 913 3211; x_wconf 87' lang='lat' dir='ltr'>maxime</span> <span class='ocrx_word' id='word_1_135' title='bbox 936 3149 1115 3225; x_wconf 88' lang='lat' dir='ltr'>interesset,</span> <span class='ocrx_word' id='word_1_136' title='bbox 1145 3157 1180 3210; x_wconf 88' lang='lat' dir='ltr'>ut</span> <span class='ocrx_word' id='word_1_137' title='bbox 1203 3147 1331 3211; x_wconf 87' lang='lat' dir='ltr'>bellum</span> 
     </span>
     <span class='ocr_line' id='line_1_19' title="bbox 262 3250 1331 3337; baseline 0.001 -20"><span class='ocrx_word' id='word_1_138' title='bbox 262 3250 360 3337; x_wconf 72' lang='lat' dir='ltr'>quadr</span> <span class='ocrx_word' id='word_1_139' title='bbox 383 3254 525 3336; x_wconf 91' lang='lat' dir='ltr'>primum</span> <span class='ocrx_word' id='word_1_140' title='bbox 551 3252 700 3319; x_wconf 87' lang='lat' dir='ltr'>finiretur.</span> <span class='ocrx_word' id='word_1_141' title='bbox 742 3255 848 3336; x_wconf 82' lang='lat' dir='ltr'>Quid?</span> <span class='ocrx_word' id='word_1_142' title='bbox 872 3276 979 3318; x_wconf 91' lang='lat' dir='ltr'>nonne</span> <span class='ocrx_word' id='word_1_143' title='bbox 1003 3256 1170 3320; x_wconf 90' lang='lat' dir='ltr'>decretum</span> <span class='ocrx_word' id='word_1_144' title='bbox 1186 3254 1331 3318; x_wconf 85' lang='lat' dir='ltr'>adfines</span> 
     </span>
     <span class='ocr_line' id='line_1_20' title="bbox 262 3360 1329 3446; baseline -0.001 -21"><span class='ocrx_word' id='word_1_145' title='bbox 262 3372 417 3446; x_wconf 88' lang='lat' dir='ltr'>spectans</span> <span class='ocrx_word' id='word_1_146' title='bbox 441 3361 564 3424; x_wconf 90' lang='lat' dir='ltr'>irritum</span> <span class='ocrx_word' id='word_1_147' title='bbox 589 3360 710 3436; x_wconf 85' lang='lat' dir='ltr'>suisset,</span> <span class='ocrx_word' id='word_1_148' title='bbox 736 3361 762 3423; x_wconf 87' lang='lat' dir='ltr'>si</span> <span class='ocrx_word' id='word_1_149' title='bbox 784 3362 888 3425; x_wconf 88' lang='lat' dir='ltr'>Itanii.</span> <span class='ocrx_word' id='word_1_150' title='bbox 901 3372 1113 3438; x_wconf 86' lang='lat' dir='ltr'>recusassent,</span> <span class='ocrx_word' id='word_1_151' title='bbox 1140 3382 1182 3423; x_wconf 92' lang='lat' dir='ltr'>ne</span> <span class='ocrx_word' id='word_1_152' title='bbox 1198 3364 1329 3425; x_wconf 89' lang='lat' dir='ltr'>senatui</span> 
     </span>
     <span class='ocr_line' id='line_1_21' title="bbox 262 3467 1329 3550; baseline -0.001 -18"><span class='ocrx_word' id='word_1_153' title='bbox 262 3489 391 3533; x_wconf 85' lang='lat' dir='ltr'>causam</span> <span class='ocrx_word' id='word_1_154' title='bbox 416 3488 509 3531; x_wconf 92' lang='lat' dir='ltr'>suam</span> <span class='ocrx_word' id='word_1_155' title='bbox 534 3469 741 3532; x_wconf 82' lang='lat' dir='ltr'>mandarent?</span> <span class='ocrx_word' id='word_1_156' title='bbox 786 3467 870 3533; x_wconf 87' lang='lat' dir='ltr'>Cum</span> <span class='ocrx_word' id='word_1_157' title='bbox 893 3470 1003 3532; x_wconf 88' lang='lat' dir='ltr'>Itaniis</span> <span class='ocrx_word' id='word_1_158' title='bbox 1019 3488 1210 3550; x_wconf 86' lang='lat' dir='ltr'>persuasum</span> <span class='ocrx_word' id='word_1_159' title='bbox 1228 3478 1329 3542; x_wconf 89' lang='lat' dir='ltr'>esset,</span> 
     </span>
     <span class='ocr_line' id='line_1_22' title="bbox 262 3575 1330 3659; baseline 0.004 -21"><span class='ocrx_word' id='word_1_160' title='bbox 262 3577 303 3658; x_wconf 85' lang='lat' dir='ltr'>Q.</span> <span class='ocrx_word' id='word_1_161' title='bbox 319 3576 441 3640; x_wconf 89' lang='lat' dir='ltr'>Fabius</span> <span class='ocrx_word' id='word_1_162' title='bbox 471 3575 549 3638; x_wconf 88' lang='lat' dir='ltr'>illud</span> <span class='ocrx_word' id='word_1_163' title='bbox 578 3575 700 3657; x_wconf 88' lang='lat' dir='ltr'>dogma</span> <span class='ocrx_word' id='word_1_164' title='bbox 736 3575 866 3639; x_wconf 88' lang='lat' dir='ltr'>Cretam</span> <span class='ocrx_word' id='word_1_165' title='bbox 900 3578 1044 3659; x_wconf 89' lang='lat' dir='ltr'>portavit</span> <span class='ocrx_word' id='word_1_166' title='bbox 1080 3576 1120 3639; x_wconf 85' lang='lat' dir='ltr'>cs.</span> <span class='ocrx_word' id='word_1_167' title='bbox 1138 3597 1167 3638; x_wconf 81' lang='lat' dir='ltr'>v,</span> <span class='ocrx_word' id='word_1_168' title='bbox 1186 3590 1226 3656; x_wconf 87' lang='lat'>72</span> <span class='ocrx_word' id='word_1_169' title='bbox 1251 3595 1330 3657; x_wconf 79' lang='lat' dir='ltr'>sqq.</span> 
     </span>
     <span class='ocr_line' id='line_1_23' title="bbox 261 3680 1331 3765; baseline -0.001 -18"><span class='ocrx_word' id='word_1_170' title='bbox 261 3682 370 3747; x_wconf 87' lang='lat' dir='ltr'>Semel</span> <span class='ocrx_word' id='word_1_171' title='bbox 394 3684 493 3763; x_wconf 84' lang='lat' dir='ltr'>igitur</span> <span class='ocrx_word' id='word_1_172' title='bbox 522 3691 653 3746; x_wconf 90' lang='lat' dir='ltr'>senatus</span> <span class='ocrx_word' id='word_1_173' title='bbox 681 3682 840 3746; x_wconf 88' lang='lat' dir='ltr'>iudicavit.</span> <span class='ocrx_word' id='word_1_174' title='bbox 886 3684 1001 3765; x_wconf 92' lang='lat' dir='ltr'>ltaque</span> <span class='ocrx_word' id='word_1_175' title='bbox 1030 3683 1130 3747; x_wconf 90' lang='lat' dir='ltr'>verba</span> <span class='ocrx_word' id='word_1_176' title='bbox 1160 3680 1331 3765; x_wconf 79' lang='grc' dir='ltr'><strong><em>πρότερόν</em></strong></span> 
     </span>
     <span class='ocr_line' id='line_1_24' title="bbox 260 3788 1330 3855; baseline -0.005 0"><span class='ocrx_word' id='word_1_177' title='bbox 260 3814 297 3855; x_wconf 84' lang='grc' dir='ltr'>τε</span> <span class='ocrx_word' id='word_1_178' title='bbox 319 3791 373 3855; x_wconf 82' lang='grc' dir='ltr'>καὶ</span> <span class='ocrx_word' id='word_1_179' title='bbox 398 3798 460 3855; x_wconf 80' lang='grc' dir='ltr'>νῦν</span> <span class='ocrx_word' id='word_1_180' title='bbox 483 3788 650 3853; x_wconf 88' lang='lat' dir='ltr'>referenda</span> <span class='ocrx_word' id='word_1_181' title='bbox 674 3809 740 3852; x_wconf 90' lang='lat' dir='ltr'>non</span> <span class='ocrx_word' id='word_1_182' title='bbox 762 3798 838 3853; x_wconf 88' lang='lat' dir='ltr'>sunt</span> <span class='ocrx_word' id='word_1_183' title='bbox 857 3792 900 3854; x_wconf 87' lang='lat' dir='ltr'>ad</span> <span class='ocrx_word' id='word_1_184' title='bbox 916 3791 982 3853; x_wconf 90' lang='lat' dir='ltr'>duo</span> <span class='ocrx_word' id='word_1_185' title='bbox 998 3789 1114 3853; x_wconf 89' lang='lat' dir='ltr'>iudicia</span> <span class='ocrx_word' id='word_1_186' title='bbox 1129 3809 1150 3851; x_wconf 89' lang='lat' dir='ltr'>a</span> <span class='ocrx_word' id='word_1_187' title='bbox 1165 3789 1330 3851; x_wconf 90' lang='lat' dir='ltr'>Romanis</span> 
     </span>
     <span class='ocr_line' id='line_1_25' title="bbox 261 3896 1331 3978; baseline 0 -18"><span class='ocrx_word' id='word_1_188' title='bbox 261 3897 355 3961; x_wconf 87' lang='lat' dir='ltr'>facta.</span> <span class='ocrx_word' id='word_1_189' title='bbox 410 3897 487 3978; x_wconf 84' lang='lat' dir='ltr'>Quo</span> <span class='ocrx_word' id='word_1_190' title='bbox 521 3897 647 3959; x_wconf 90' lang='lat' dir='ltr'>accedit</span> <span class='ocrx_word' id='word_1_191' title='bbox 682 3897 771 3978; x_wconf 93' lang='lat' dir='ltr'>quod</span> <span class='ocrx_word' id='word_1_192' title='bbox 806 3897 983 3959; x_wconf 91' lang='lat' dir='ltr'>secundum</span> <span class='ocrx_word' id='word_1_193' title='bbox 1018 3896 1227 3960; x_wconf 90' lang='lat' dir='ltr'>Viereckium</span> <span class='ocrx_word' id='word_1_194' title='bbox 1263 3903 1331 3960; x_wconf 81' lang='grc' dir='ltr'>νῦν</span> 
     </span>
     <span class='ocr_line' id='line_1_26' title="bbox 261 3995 1330 4087; baseline 0 -20"><span class='ocrx_word' id='word_1_195' title='bbox 261 4005 303 4067; x_wconf 92' lang='lat' dir='ltr'>de</span> <span class='ocrx_word' id='word_1_196' title='bbox 328 4013 478 4087; x_wconf 91' lang='lat' dir='ltr'>tempore</span> <span class='ocrx_word' id='word_1_197' title='bbox 503 4004 680 4083; x_wconf 90' lang='lat' dir='ltr'>praeterito</span> <span class='ocrx_word' id='word_1_198' title='bbox 705 4003 829 4067; x_wconf 85' lang='lat' dir='ltr'>dictum</span> <span class='ocrx_word' id='word_1_199' title='bbox 860 4003 1047 4067; x_wconf 87' lang='lat' dir='ltr'>offensionis</span> <span class='ocrx_word' id='word_1_200' title='bbox 1077 3995 1198 4085; x_wconf 81' lang='lat' dir='ltr'>aliquid</span> <span class='ocrx_word' id='word_1_201' title='bbox 1233 4023 1330 4084; x_wconf 91' lang='lat' dir='ltr'>prae-</span> 
     </span>
     <span class='ocr_line' id='line_1_27' title="bbox 262 4110 1334 4196; baseline 0.001 -21"><span class='ocrx_word' id='word_1_202' title='bbox 262 4112 376 4194; x_wconf 73' lang='lat' dir='ltr'>beret3</span> <span class='ocrx_word' id='word_1_203' title='bbox 407 4120 494 4175; x_wconf 92' lang='lat' dir='ltr'>certe</span> <span class='ocrx_word' id='word_1_204' title='bbox 522 4131 583 4191; x_wconf 92' lang='lat' dir='ltr'>pro</span> <span class='ocrx_word' id='word_1_205' title='bbox 606 4110 823 4195; x_wconf 71' lang='grc' dir='ltr'><strong><em>κατήχθησαν</em></strong></span> <span class='ocrx_word' id='word_1_206' title='bbox 846 4120 916 4175; x_wconf 93' lang='lat' dir='ltr'>tum</span> <span class='ocrx_word' id='word_1_207' title='bbox 942 4121 1206 4196; x_wconf 87' lang='lat' dir='ltr'>exspectaremus</span> <span class='ocrx_word' id='word_1_208' title='bbox 1229 4134 1334 4196; x_wconf 83' lang='grc' dir='ltr'><strong><em>παρε-</em></strong></span> 
     </span>
    </p>
   </div>
   <div class='ocr_carea' id='block_1_3' title="bbox 0 0 1454 4549">
    <p class='ocr_par' dir='ltr' id='par_1_3' title="bbox 0 0 1454 4549">
     <span class='ocr_line' id='line_1_28' title="bbox 0 0 1454 4549; baseline 0 0"><span class='ocrx_word' id='word_1_209' title='bbox 0 0 1454 4549; x_wconf 95' lang='lat' dir='ltr'> </span> 
     </span>
    </p>
   </div>
  </div>
 </body>
</html>
