<?xml version="1.0" encoding="UTF-8"?>
<!DOCTYPE html PUBLIC "-//W3C//DTD XHTML 1.0 Transitional//EN"
    "http://www.w3.org/TR/xhtml1/DTD/xhtml1-transitional.dtd">
<html xmlns="http://www.w3.org/1999/xhtml" xml:lang="en" lang="en">
 <head>
  <title>
</title>
<meta http-equiv="Content-Type" content="text/html;charset=utf-8" />
  <meta name='ocr-system' content='tesseract 3.04.00' />
  <meta name='ocr-capabilities' content='ocr_page ocr_carea ocr_par ocr_line ocrx_word'/>
</head>
<body>
  <div class='ocr_page' id='page_1' title='image "./dearbitrisexter00sonngoog_0086.png"; bbox 0 0 2900 4559; ppageno 0'>
   <div class='ocr_carea' id='block_1_1' title="bbox 690 289 906 351">
    <p class='ocr_par' dir='ltr' id='par_1_1' title="bbox 690 289 906 351">
     <span class='ocr_line' id='line_1_1' title="bbox 690 289 906 351; baseline -0.005 -17"><span class='ocrx_word' id='word_1_1' title='bbox 690 289 906 351; x_wconf 79' lang='lat'><strong>-32..</strong></span> 
     </span>
    </p>
   </div>
   <div class='ocr_carea' id='block_1_2' title="bbox 202 477 1425 4532">
    <p class='ocr_par' dir='ltr' id='par_1_2' title="bbox 243 477 1425 2911">
     <span class='ocr_line' id='line_1_2' title="bbox 268 477 1331 561; baseline -0.001 -16"><span class='ocrx_word' id='word_1_2' title='bbox 268 492 375 545; x_wconf 89' lang='lat' dir='ltr'>essent</span> <span class='ocrx_word' id='word_1_3' title='bbox 402 481 478 545; x_wconf 89' lang='lat' dir='ltr'>nihil</span> <span class='ocrx_word' id='word_1_4' title='bbox 503 481 639 546; x_wconf 88' lang='lat' dir='ltr'>haberet</span> <span class='ocrx_word' id='word_1_5' title='bbox 661 503 718 545; x_wconf 90' lang='lat' dir='ltr'>cur</span> <span class='ocrx_word' id='word_1_6' title='bbox 741 484 944 561; x_wconf 77' lang='lat' dir='ltr'>miraremur3</span> <span class='ocrx_word' id='word_1_7' title='bbox 969 500 1045 544; x_wconf 93' lang='lat' dir='ltr'>nam</span> <span class='ocrx_word' id='word_1_8' title='bbox 1068 502 1109 543; x_wconf 88' lang='lat' dir='ltr'>ex</span> <span class='ocrx_word' id='word_1_9' title='bbox 1127 480 1173 545; x_wconf 87' lang='lat' dir='ltr'>eis</span> <span class='ocrx_word' id='word_1_10' title='bbox 1190 477 1331 545; x_wconf 86' lang='lat' dir='ltr'>maxime</span> 
     </span>
     <span class='ocr_line' id='line_1_3' title="bbox 265 589 1330 672; baseline -0.002 -19"><span class='ocrx_word' id='word_1_11' title='bbox 265 590 467 672; x_wconf 87' lang='lat' dir='ltr'>temporibus</span> <span class='ocrx_word' id='word_1_12' title='bbox 494 589 611 652; x_wconf 86' lang='lat' dir='ltr'>tradita</span> <span class='ocrx_word' id='word_1_13' title='bbox 635 599 709 653; x_wconf 92' lang='lat' dir='ltr'>sunt</span> <span class='ocrx_word' id='word_1_14' title='bbox 733 589 828 652; x_wconf 92' lang='lat' dir='ltr'>nobis</span> <span class='ocrx_word' id='word_1_15' title='bbox 858 589 1027 671; x_wconf 85' lang='lat' dir='ltr'>permulta,</span> <span class='ocrx_word' id='word_1_16' title='bbox 1059 598 1129 651; x_wconf 91' lang='lat' dir='ltr'>tum</span> <span class='ocrx_word' id='word_1_17' title='bbox 1158 591 1330 672; x_wconf 83' lang='lat' dir='ltr'>praecipue</span> 
     </span>
     <span class='ocr_line' id='line_1_4' title="bbox 266 695 1330 779; baseline 0 -20"><span class='ocrx_word' id='word_1_18' title='bbox 266 698 499 761; x_wconf 87' lang='lat' dir='ltr'>commercium</span> <span class='ocrx_word' id='word_1_19' title='bbox 539 696 687 760; x_wconf 84' lang='lat' dir='ltr'>effloruit.</span> <span class='ocrx_word' id='word_1_20' title='bbox 742 696 856 777; x_wconf 89' lang='lat' dir='ltr'>Neque</span> <span class='ocrx_word' id='word_1_21' title='bbox 902 695 1006 776; x_wconf 88' lang='lat' dir='ltr'>magis</span> <span class='ocrx_word' id='word_1_22' title='bbox 1052 695 1179 758; x_wconf 83' lang='lat' dir='ltr'>defendi</span> <span class='ocrx_word' id='word_1_23' title='bbox 1219 708 1330 779; x_wconf 89' lang='lat' dir='ltr'>potest</span> 
     </span>
     <span class='ocr_line' id='line_1_5' title="bbox 264 802 1329 885; baseline 0.002 -20"><span class='ocrx_word' id='word_1_24' title='bbox 264 802 397 865; x_wconf 91' lang='lat' dir='ltr'>Christii</span> <span class='ocrx_word' id='word_1_25' title='bbox 425 812 654 885; x_wconf 80' lang='lat' dir='ltr'>argumentum</span> <span class='ocrx_word' id='word_1_26' title='bbox 686 824 704 865; x_wconf 91' lang='lat' dir='ltr'>a</span> <span class='ocrx_word' id='word_1_27' title='bbox 729 802 950 883; x_wconf 87' lang='lat' dir='ltr'>magnitudine</span> <span class='ocrx_word' id='word_1_28' title='bbox 979 802 1148 865; x_wconf 89' lang='lat' dir='ltr'>civitatum</span> <span class='ocrx_word' id='word_1_29' title='bbox 1177 803 1329 885; x_wconf 78' lang='lat' dir='ltr'>ductum3</span> 
     </span>
     <span class='ocr_line' id='line_1_6' title="bbox 266 910 1329 991; baseline -0.001 -18"><span class='ocrx_word' id='word_1_30' title='bbox 266 912 398 973; x_wconf 90' lang='lat' dir='ltr'>omnino</span> <span class='ocrx_word' id='word_1_31' title='bbox 431 932 496 975; x_wconf 88' lang='lat' dir='ltr'>non</span> <span class='ocrx_word' id='word_1_32' title='bbox 523 911 671 973; x_wconf 87' lang='lat' dir='ltr'>videmus</span> <span class='ocrx_word' id='word_1_33' title='bbox 698 930 754 973; x_wconf 93' lang='lat' dir='ltr'>cur</span> <span class='ocrx_word' id='word_1_34' title='bbox 786 930 906 991; x_wconf 88' lang='lat' dir='ltr'>parvae</span> <span class='ocrx_word' id='word_1_35' title='bbox 934 919 1061 971; x_wconf 91' lang='lat' dir='ltr'>tantum</span> <span class='ocrx_word' id='word_1_36' title='bbox 1094 910 1242 973; x_wconf 89' lang='lat' dir='ltr'>civitates</span> <span class='ocrx_word' id='word_1_37' title='bbox 1266 911 1329 974; x_wconf 92' lang='lat' dir='ltr'>hac</span> 
     </span>
     <span class='ocr_line' id='line_1_7' title="bbox 266 1014 1328 1099; baseline 0 -20"><span class='ocrx_word' id='word_1_38' title='bbox 266 1018 317 1080; x_wconf 90' lang='lat' dir='ltr'>via</span> <span class='ocrx_word' id='word_1_39' title='bbox 349 1027 522 1083; x_wconf 89' lang='lat' dir='ltr'>uterentur.</span> <span class='ocrx_word' id='word_1_40' title='bbox 570 1016 676 1097; x_wconf 81' lang='lat' dir='ltr'>Quam</span> <span class='ocrx_word' id='word_1_41' title='bbox 713 1016 867 1099; x_wconf 83' lang='lat' dir='ltr'>placuerit</span> <span class='ocrx_word' id='word_1_42' title='bbox 900 1014 952 1078; x_wconf 92' lang='lat' dir='ltr'>hic</span> <span class='ocrx_word' id='word_1_43' title='bbox 982 1016 1174 1079; x_wconf 89' lang='lat' dir='ltr'>diiudicandi</span> <span class='ocrx_word' id='word_1_44' title='bbox 1210 1019 1328 1081; x_wconf 91' lang='lat' dir='ltr'>modus</span> 
     </span>
     <span class='ocr_line' id='line_1_8' title="bbox 267 1122 1327 1205; baseline 0.003 -21"><span class='ocrx_word' id='word_1_45' title='bbox 267 1125 506 1188; x_wconf 89' lang='lat' dir='ltr'>demonstratur</span> <span class='ocrx_word' id='word_1_46' title='bbox 539 1142 660 1205; x_wconf 90' lang='lat' dir='ltr'>magno</span> <span class='ocrx_word' id='word_1_47' title='bbox 696 1142 865 1186; x_wconf 87' lang='lat' dir='ltr'>causarum</span> <span class='ocrx_word' id='word_1_48' title='bbox 897 1122 943 1185; x_wconf 88' lang='lat' dir='ltr'>ita</span> <span class='ocrx_word' id='word_1_49' title='bbox 974 1132 1160 1185; x_wconf 87' lang='lat' dir='ltr'>exactarum</span> <span class='ocrx_word' id='word_1_50' title='bbox 1192 1144 1327 1187; x_wconf 89' lang='lat' dir='ltr'>numero</span> 
     </span>
     <span class='ocr_line' id='line_1_9' title="bbox 265 1229 1329 1313; baseline 0.001 -20"><span class='ocrx_word' id='word_1_51' title='bbox 265 1238 298 1293; x_wconf 91' lang='lat' dir='ltr'>et</span> <span class='ocrx_word' id='word_1_52' title='bbox 321 1231 395 1293; x_wconf 89' lang='lat' dir='ltr'>inde</span> <span class='ocrx_word' id='word_1_53' title='bbox 411 1231 500 1313; x_wconf 92' lang='lat' dir='ltr'>quod</span> <span class='ocrx_word' id='word_1_54' title='bbox 524 1231 707 1312; x_wconf 88' lang='lat' dir='ltr'>complures</span> <span class='ocrx_word' id='word_1_55' title='bbox 731 1229 876 1308; x_wconf 75' lang='lat' dir='ltr'>civitates</span> <span class='ocrx_word' id='word_1_56' title='bbox 899 1230 1028 1309; x_wconf 90' lang='lat' dir='ltr'>saepius</span> <span class='ocrx_word' id='word_1_57' title='bbox 1051 1231 1095 1293; x_wconf 76' lang='lat' dir='ltr'>stc</span> <span class='ocrx_word' id='word_1_58' title='bbox 1119 1251 1231 1293; x_wconf 90' lang='lat' dir='ltr'>causas</span> <span class='ocrx_word' id='word_1_59' title='bbox 1253 1253 1329 1295; x_wconf 87' lang='lat' dir='ltr'>suas</span> 
     </span>
     <span class='ocr_line' id='line_1_10' title="bbox 264 1336 1326 1420; baseline 0.002 -21"><span class='ocrx_word' id='word_1_60' title='bbox 264 1338 463 1401; x_wconf 86' lang='lat' dir='ltr'>sustulerunt</span> <span class='ocrx_word' id='word_1_61' title='bbox 480 1348 516 1401; x_wconf 91' lang='lat' dir='ltr'>ut</span> <span class='ocrx_word' id='word_1_62' title='bbox 531 1337 745 1419; x_wconf 86' lang='lat' dir='ltr'>Bargylietae,</span> <span class='ocrx_word' id='word_1_63' title='bbox 771 1336 938 1418; x_wconf 89' lang='lat' dir='ltr'>Calymnii‚</span> <span class='ocrx_word' id='word_1_64' title='bbox 963 1337 1163 1419; x_wconf 83' lang='lat' dir='ltr'>Mylasenses</span> <span class='ocrx_word' id='word_1_65' title='bbox 1185 1348 1219 1402; x_wconf 91' lang='lat' dir='ltr'>et</span> <span class='ocrx_word' id='word_1_66' title='bbox 1235 1340 1326 1420; x_wconf 93' lang='lat' dir='ltr'>quod</span> 
     </span>
     <span class='ocr_line' id='line_1_11' title="bbox 263 1443 1325 1525; baseline 0 -18"><span class='ocrx_word' id='word_1_67' title='bbox 263 1466 293 1513; x_wconf 89' lang='lat' dir='ltr'>n.</span> <span class='ocrx_word' id='word_1_68' title='bbox 318 1444 424 1509; x_wconf 89' lang='lat' dir='ltr'>XCIV</span> <span class='ocrx_word' id='word_1_69' title='bbox 459 1454 491 1507; x_wconf 91' lang='lat' dir='ltr'>et</span> <span class='ocrx_word' id='word_1_70' title='bbox 526 1445 647 1508; x_wconf 90' lang='lat' dir='ltr'>CXXV</span> <span class='ocrx_word' id='word_1_71' title='bbox 686 1444 810 1507; x_wconf 87' lang='lat' dir='ltr'>mentio</span> <span class='ocrx_word' id='word_1_72' title='bbox 843 1443 879 1506; x_wconf 88' lang='lat' dir='ltr'>fit</span> <span class='ocrx_word' id='word_1_73' title='bbox 914 1444 1056 1507; x_wconf 88' lang='lat' dir='ltr'>iudicum</span> <span class='ocrx_word' id='word_1_74' title='bbox 1091 1446 1116 1505; x_wconf 91' lang='lat' dir='ltr'>si</span> <span class='ocrx_word' id='word_1_75' title='bbox 1152 1446 1206 1525; x_wconf 92' lang='lat' dir='ltr'>qui</span> <span class='ocrx_word' id='word_1_76' title='bbox 1242 1444 1325 1507; x_wconf 89' lang='lat' dir='ltr'>sorte</span> 
     </span>
     <span class='ocr_line' id='line_1_12' title="bbox 264 1550 1327 1635; baseline -0.001 -20"><span class='ocrx_word' id='word_1_77' title='bbox 264 1562 379 1635; x_wconf 88' lang='lat' dir='ltr'>postea</span> <span class='ocrx_word' id='word_1_78' title='bbox 413 1553 567 1615; x_wconf 88' lang='lat' dir='ltr'>venirent.</span> <span class='ocrx_word' id='word_1_79' title='bbox 613 1550 736 1614; x_wconf 83' lang='lat' dir='ltr'>Causas</span> <span class='ocrx_word' id='word_1_80' title='bbox 765 1551 908 1631; x_wconf 88' lang='lat' dir='ltr'>privatas</span> <span class='ocrx_word' id='word_1_81' title='bbox 940 1552 1023 1615; x_wconf 89' lang='lat' dir='ltr'>inter</span> <span class='ocrx_word' id='word_1_82' title='bbox 1060 1551 1141 1613; x_wconf 89' lang='lat' dir='ltr'>duas</span> <span class='ocrx_word' id='word_1_83' title='bbox 1180 1551 1327 1614; x_wconf 89' lang='lat' dir='ltr'>civitates</span> 
     </span>
     <span class='ocr_line' id='line_1_13' title="bbox 265 1657 1327 1743; baseline 0 -22"><span class='ocrx_word' id='word_1_84' title='bbox 265 1659 456 1743; x_wconf 89' lang='lat' dir='ltr'>plerumque</span> <span class='ocrx_word' id='word_1_85' title='bbox 495 1660 536 1720; x_wconf 91' lang='lat' dir='ltr'>de</span> <span class='ocrx_word' id='word_1_86' title='bbox 574 1659 719 1739; x_wconf 87' lang='lat' dir='ltr'>pecuniis</span> <span class='ocrx_word' id='word_1_87' title='bbox 757 1667 870 1722; x_wconf 90' lang='lat' dir='ltr'>mutuo</span> <span class='ocrx_word' id='word_1_88' title='bbox 906 1658 988 1722; x_wconf 91' lang='lat' dir='ltr'>datis</span> <span class='ocrx_word' id='word_1_89' title='bbox 1027 1657 1125 1719; x_wconf 86' lang='lat' dir='ltr'>luisse</span> <span class='ocrx_word' id='word_1_90' title='bbox 1158 1659 1327 1740; x_wconf 86' lang='lat' dir='ltr'>probabile</span> 
     </span>
     <span class='ocr_line' id='line_1_14' title="bbox 269 1763 1328 1839; baseline 0.001 -12"><span class='ocrx_word' id='word_1_91' title='bbox 269 1776 327 1839; x_wconf 91' lang='lat' dir='ltr'>est,</span> <span class='ocrx_word' id='word_1_92' title='bbox 363 1775 476 1829; x_wconf 90' lang='lat' dir='ltr'>contra</span> <span class='ocrx_word' id='word_1_93' title='bbox 510 1786 623 1828; x_wconf 85' lang='lat' dir='ltr'>causas</span> <span class='ocrx_word' id='word_1_94' title='bbox 652 1766 684 1828; x_wconf 88' lang='lat' dir='ltr'>in</span> <span class='ocrx_word' id='word_1_95' title='bbox 715 1784 778 1827; x_wconf 87' lang='lat' dir='ltr'>una</span> <span class='ocrx_word' id='word_1_96' title='bbox 806 1764 935 1830; x_wconf 88' lang='lat' dir='ltr'>civitate</span> <span class='ocrx_word' id='word_1_97' title='bbox 967 1763 1063 1826; x_wconf 84' lang='lat' dir='ltr'>fuisse</span> <span class='ocrx_word' id='word_1_98' title='bbox 1097 1764 1139 1829; x_wconf 92' lang='lat' dir='ltr'>de</span> <span class='ocrx_word' id='word_1_99' title='bbox 1174 1768 1328 1829; x_wconf 90' lang='lat' dir='ltr'>omnibus</span> 
     </span>
     <span class='ocr_line' id='line_1_15' title="bbox 267 1871 1329 1955; baseline 0.001 -21"><span class='ocrx_word' id='word_1_100' title='bbox 267 1873 365 1935; x_wconf 90' lang='lat' dir='ltr'>rebus</span> <span class='ocrx_word' id='word_1_101' title='bbox 404 1873 446 1935; x_wconf 91' lang='lat' dir='ltr'>ad</span> <span class='ocrx_word' id='word_1_102' title='bbox 491 1871 724 1955; x_wconf 87' lang='lat' dir='ltr'>rempublicam</span> <span class='ocrx_word' id='word_1_103' title='bbox 764 1871 1052 1935; x_wconf 87' lang='lat' dir='ltr'>administrandam</span> <span class='ocrx_word' id='word_1_104' title='bbox 1090 1873 1329 1950; x_wconf 86' lang='lat' dir='ltr'>pertinentibus</span> 
     </span>
     <span class='ocr_line' id='line_1_16' title="bbox 264 1977 1324 2059; baseline 0.002 -18"><span class='ocrx_word' id='word_1_105' title='bbox 264 1978 414 2059; x_wconf 87' lang='lat' dir='ltr'>exempla</span> <span class='ocrx_word' id='word_1_106' title='bbox 441 1980 671 2042; x_wconf 87' lang='lat' dir='ltr'>demonstrant.</span> <span class='ocrx_word' id='word_1_107' title='bbox 723 1978 809 2040; x_wconf 90' lang='lat' dir='ltr'>Tum</span> <span class='ocrx_word' id='word_1_108' title='bbox 848 1977 930 2039; x_wconf 83' lang='lat' dir='ltr'>duae</span> <span class='ocrx_word' id='word_1_109' title='bbox 964 1977 1121 2041; x_wconf 82' lang='lat' dir='ltr'>factiones</span> <span class='ocrx_word' id='word_1_110' title='bbox 1155 1979 1324 2043; x_wconf 87' lang='lat' dir='ltr'>concilian-</span> 
     </span>
     <span class='ocr_line' id='line_1_17' title="bbox 265 2084 1326 2159; baseline 0.003 -12"><span class='ocrx_word' id='word_1_111' title='bbox 265 2087 326 2148; x_wconf 89' lang='lat' dir='ltr'>dae</span> <span class='ocrx_word' id='word_1_112' title='bbox 351 2095 451 2159; x_wconf 83' lang='lat' dir='ltr'>erant,</span> <span class='ocrx_word' id='word_1_113' title='bbox 475 2094 545 2149; x_wconf 93' lang='lat' dir='ltr'>tum</span> <span class='ocrx_word' id='word_1_114' title='bbox 575 2085 694 2147; x_wconf 90' lang='lat' dir='ltr'>multae</span> <span class='ocrx_word' id='word_1_115' title='bbox 724 2105 841 2148; x_wconf 89' lang='lat' dir='ltr'>causae</span> <span class='ocrx_word' id='word_1_116' title='bbox 871 2095 962 2147; x_wconf 88' lang='lat' dir='ltr'>erant</span> <span class='ocrx_word' id='word_1_117' title='bbox 988 2084 1158 2148; x_wconf 86' lang='lat' dir='ltr'>tollendae.</span> <span class='ocrx_word' id='word_1_118' title='bbox 1206 2086 1326 2149; x_wconf 90' lang='lat' dir='ltr'>Dolen-</span> 
     </span>
     <span class='ocr_line' id='line_1_18' title="bbox 265 2192 1425 2276; baseline 0 -19"><span class='ocrx_word' id='word_1_119' title='bbox 265 2194 342 2257; x_wconf 90' lang='lat' dir='ltr'>dum</span> <span class='ocrx_word' id='word_1_120' title='bbox 376 2202 425 2255; x_wconf 88' lang='lat' dir='ltr'>est</span> <span class='ocrx_word' id='word_1_121' title='bbox 458 2192 547 2275; x_wconf 92' lang='lat' dir='ltr'>quod</span> <span class='ocrx_word' id='word_1_122' title='bbox 579 2194 720 2255; x_wconf 89' lang='lat' dir='ltr'>nescitur</span> <span class='ocrx_word' id='word_1_123' title='bbox 749 2193 790 2255; x_wconf 91' lang='lat' dir='ltr'>ad</span> <span class='ocrx_word' id='word_1_124' title='bbox 820 2212 917 2274; x_wconf 91' lang='lat' dir='ltr'>quam</span> <span class='ocrx_word' id='word_1_125' title='bbox 947 2213 1016 2255; x_wconf 89' lang='lat' dir='ltr'>rem</span> <span class='ocrx_word' id='word_1_126' title='bbox 1044 2194 1242 2276; x_wconf 90' lang='lat' dir='ltr'>spectaverit</span> <span class='ocrx_word' id='word_1_127' title='bbox 1276 2194 1327 2257; x_wconf 87' lang='lat' dir='ltr'>illa</span> <span class='ocrx_word' id='word_1_128' title='bbox 1424 2195 1425 2204; x_wconf 76' lang='grc'>’</span> 
     </span>
     <span class='ocr_line' id='line_1_19' title="bbox 265 2298 1325 2383; baseline 0 -20"><span class='ocrx_word' id='word_1_129' title='bbox 265 2299 401 2383; x_wconf 79' lang='grc' dir='ltr'><em>μήνυσις</em></span> <span class='ocrx_word' id='word_1_130' title='bbox 429 2319 458 2360; x_wconf 94' lang='lat' dir='ltr'>n.</span> <span class='ocrx_word' id='word_1_131' title='bbox 476 2298 605 2375; x_wconf 90' lang='lat' dir='ltr'>CXXV,</span> <span class='ocrx_word' id='word_1_132' title='bbox 637 2309 745 2362; x_wconf 91' lang='lat' dir='ltr'>utrum</span> <span class='ocrx_word' id='word_1_133' title='bbox 775 2298 861 2362; x_wconf 85' lang='lat' dir='ltr'>sacta</span> <span class='ocrx_word' id='word_1_134' title='bbox 887 2299 928 2380; x_wconf 91' lang='lat' dir='ltr'>sit</span> <span class='ocrx_word' id='word_1_135' title='bbox 956 2308 1069 2361; x_wconf 89' lang='lat' dir='ltr'>contra</span> <span class='ocrx_word' id='word_1_136' title='bbox 1100 2321 1199 2363; x_wconf 91' lang='lat' dir='ltr'>unum</span> <span class='ocrx_word' id='word_1_137' title='bbox 1223 2300 1325 2363; x_wconf 91' lang='lat' dir='ltr'>homi-</span> 
     </span>
     <span class='ocr_line' id='line_1_20' title="bbox 267 2405 1424 2488; baseline 0.001 -20"><span class='ocrx_word' id='word_1_138' title='bbox 267 2426 342 2469; x_wconf 89' lang='lat' dir='ltr'>nem</span> <span class='ocrx_word' id='word_1_139' title='bbox 389 2427 429 2468; x_wconf 91' lang='lat' dir='ltr'>an</span> <span class='ocrx_word' id='word_1_140' title='bbox 475 2414 590 2469; x_wconf 87' lang='lat' dir='ltr'>contra</span> <span class='ocrx_word' id='word_1_141' title='bbox 634 2405 828 2488; x_wconf 89' lang='lat' dir='ltr'>complures.</span> <span class='ocrx_word' id='word_1_142' title='bbox 886 2405 921 2467; x_wconf 93' lang='lat' dir='ltr'>In</span> <span class='ocrx_word' id='word_1_143' title='bbox 967 2416 1059 2487; x_wconf 91' lang='lat' dir='ltr'>parte</span> <span class='ocrx_word' id='word_1_144' title='bbox 1104 2407 1211 2488; x_wconf 88' lang='lat' dir='ltr'>priore</span> <span class='ocrx_word' id='word_1_145' title='bbox 1258 2407 1325 2469; x_wconf 86' lang='lat' dir='ltr'>lere</span> <span class='ocrx_word' id='word_1_146' title='bbox 1423 2475 1424 2478; x_wconf 8' lang='grc' dir='ltr'><strong>Ἴ</strong></span> 
     </span>
     <span class='ocr_line' id='line_1_21' title="bbox 270 2512 1424 2596; baseline 0.003 -23"><span class='ocrx_word' id='word_1_147' title='bbox 270 2531 400 2594; x_wconf 90' lang='lat' dir='ltr'>semper</span> <span class='ocrx_word' id='word_1_148' title='bbox 434 2514 474 2576; x_wconf 91' lang='lat' dir='ltr'>de</span> <span class='ocrx_word' id='word_1_149' title='bbox 509 2532 573 2575; x_wconf 90' lang='lat' dir='ltr'>una</span> <span class='ocrx_word' id='word_1_150' title='bbox 601 2532 698 2575; x_wconf 90' lang='lat' dir='ltr'>causa</span> <span class='ocrx_word' id='word_1_151' title='bbox 727 2521 834 2575; x_wconf 90' lang='lat' dir='ltr'>actum</span> <span class='ocrx_word' id='word_1_152' title='bbox 865 2532 946 2585; x_wconf 89' lang='lat' dir='ltr'>esse,</span> <span class='ocrx_word' id='word_1_153' title='bbox 978 2522 1014 2574; x_wconf 91' lang='lat' dir='ltr'>ut</span> <span class='ocrx_word' id='word_1_154' title='bbox 1040 2512 1147 2587; x_wconf 87' lang='lat' dir='ltr'>hodie,</span> <span class='ocrx_word' id='word_1_155' title='bbox 1179 2534 1229 2575; x_wconf 88' lang='lat' dir='ltr'>res</span> <span class='ocrx_word' id='word_1_156' title='bbox 1255 2516 1324 2596; x_wconf 92' lang='lat' dir='ltr'>ipsa</span> <span class='ocrx_word' id='word_1_157' title='bbox 1423 2573 1424 2576; x_wconf 74' lang='grc'>,</span> 
     </span>
     <span class='ocr_line' id='line_1_22' title="bbox 243 2617 1323 2703; baseline 0.002 -22"><span class='ocrx_word' id='word_1_158' title='bbox 243 2617 493 2700; x_wconf 81' lang='lat' dir='ltr'>praesefert.</span> <span class='ocrx_word' id='word_1_159' title='bbox 539 2618 624 2683; x_wconf 92' lang='lat' dir='ltr'>Urbs</span> <span class='ocrx_word' id='word_1_160' title='bbox 649 2638 733 2699; x_wconf 89' lang='lat' dir='ltr'>quae</span> <span class='ocrx_word' id='word_1_161' title='bbox 750 2619 852 2682; x_wconf 92' lang='lat' dir='ltr'>electa</span> <span class='ocrx_word' id='word_1_162' title='bbox 868 2628 927 2691; x_wconf 78' lang='lat' dir='ltr'>est,</span> <span class='ocrx_word' id='word_1_163' title='bbox 953 2628 989 2680; x_wconf 96' lang='lat' dir='ltr'>ut</span> <span class='ocrx_word' id='word_1_164' title='bbox 1012 2620 1044 2681; x_wconf 91' lang='lat' dir='ltr'>in</span> <span class='ocrx_word' id='word_1_165' title='bbox 1066 2628 1236 2703; x_wconf 82' lang='lat' dir='ltr'>posterum</span> <span class='ocrx_word' id='word_1_166' title='bbox 1258 2642 1323 2683; x_wconf 93' lang='lat' dir='ltr'>om·</span> 
     </span>
     <span class='ocr_line' id='line_1_23' title="bbox 268 2726 1324 2799; baseline 0.002 -12"><span class='ocrx_word' id='word_1_167' title='bbox 268 2745 325 2787; x_wconf 89' lang='lat' dir='ltr'>nes</span> <span class='ocrx_word' id='word_1_168' title='bbox 360 2746 473 2789; x_wconf 87' lang='lat' dir='ltr'>causas</span> <span class='ocrx_word' id='word_1_169' title='bbox 504 2727 668 2799; x_wconf 89' lang='lat' dir='ltr'>iudicaret,</span> <span class='ocrx_word' id='word_1_170' title='bbox 697 2728 764 2789; x_wconf 90' lang='lat' dir='ltr'>sive</span> <span class='ocrx_word' id='word_1_171' title='bbox 795 2728 878 2788; x_wconf 90' lang='lat' dir='ltr'>inter</span> <span class='ocrx_word' id='word_1_172' title='bbox 908 2726 990 2788; x_wconf 91' lang='lat' dir='ltr'>duas</span> <span class='ocrx_word' id='word_1_173' title='bbox 1018 2727 1164 2789; x_wconf 78' lang='lat' dir='ltr'>ciuitates</span> <span class='ocrx_word' id='word_1_174' title='bbox 1194 2728 1263 2788; x_wconf 89' lang='lat' dir='ltr'>sive</span> <span class='ocrx_word' id='word_1_175' title='bbox 1294 2729 1324 2789; x_wconf 84' lang='lat' dir='ltr'>ln</span> 
     </span>
     <span class='ocr_line' id='line_1_24' title="bbox 266 2831 1423 2911; baseline 0.002 -17"><span class='ocrx_word' id='word_1_176' title='bbox 266 2853 329 2894; x_wconf 90' lang='lat' dir='ltr'>una</span> <span class='ocrx_word' id='word_1_177' title='bbox 375 2843 410 2896; x_wconf 91' lang='lat' dir='ltr'>ut</span> <span class='ocrx_word' id='word_1_178' title='bbox 456 2844 568 2896; x_wconf 92' lang='lat' dir='ltr'>natura</span> <span class='ocrx_word' id='word_1_179' title='bbox 613 2834 659 2897; x_wconf 93' lang='lat' dir='ltr'>rei</span> <span class='ocrx_word' id='word_1_180' title='bbox 705 2831 766 2895; x_wconf 85' lang='lat' dir='ltr'>sert</span> <span class='ocrx_word' id='word_1_181' title='bbox 811 2840 879 2895; x_wconf 89' lang='lat' dir='ltr'>erat</span> <span class='ocrx_word' id='word_1_182' title='bbox 924 2835 1166 2911; x_wconf 87' lang='lat' dir='ltr'>potentissima,</span> <span class='ocrx_word' id='word_1_183' title='bbox 1213 2844 1248 2896; x_wconf 91' lang='lat' dir='ltr'>ut</span> <span class='ocrx_word' id='word_1_184' title='bbox 1294 2855 1321 2895; x_wconf 91' lang='lat' dir='ltr'>n.</span> <span class='ocrx_word' id='word_1_185' title='bbox 1422 2831 1423 2834; x_wconf 60' lang='grc'>’</span> 
     </span>
    </p>

    <p class='ocr_par' dir='ltr' id='par_1_3' title="bbox 212 2938 1423 3236">
     <span class='ocr_line' id='line_1_25' title="bbox 212 2938 1423 3021; baseline 0.002 -20"><span class='ocrx_word' id='word_1_186' title='bbox 212 2938 217 2951; x_wconf 85' lang='lat'>&#39;</span> <span class='ocrx_word' id='word_1_187' title='bbox 266 2940 355 3002; x_wconf 93' lang='lat' dir='ltr'>LXII</span> <span class='ocrx_word' id='word_1_188' title='bbox 392 2942 544 3021; x_wconf 85' lang='lat' dir='ltr'>Mytilene</span> <span class='ocrx_word' id='word_1_189' title='bbox 580 2948 611 3001; x_wconf 91' lang='lat' dir='ltr'>et</span> <span class='ocrx_word' id='word_1_190' title='bbox 643 2958 673 3005; x_wconf 88' lang='lat' dir='ltr'>n.</span> <span class='ocrx_word' id='word_1_191' title='bbox 700 2938 863 3002; x_wconf 88' lang='lat' dir='ltr'>CXXVIII</span> <span class='ocrx_word' id='word_1_192' title='bbox 894 2960 943 3021; x_wconf 85' lang='lat' dir='ltr'>sq.</span> <span class='ocrx_word' id='word_1_193' title='bbox 969 2939 1127 3002; x_wconf 87' lang='lat' dir='ltr'>Athenae.</span> <span class='ocrx_word' id='word_1_194' title='bbox 1184 2941 1324 3003; x_wconf 82' lang='lat' dir='ltr'>ThucI</span> <span class='ocrx_word' id='word_1_195' title='bbox 1422 2965 1423 2984; x_wconf 63' lang='lat'>³</span> 
     </span>
     <span class='ocr_line' id='line_1_26' title="bbox 267 3046 1323 3129; baseline -0.001 -19"><span class='ocrx_word' id='word_1_196' title='bbox 267 3064 307 3125; x_wconf 83' lang='lat'>24</span> <span class='ocrx_word' id='word_1_197' title='bbox 333 3053 375 3129; x_wconf 89' lang='lat' dir='ltr'>(n.</span> <span class='ocrx_word' id='word_1_198' title='bbox 394 3046 508 3126; x_wconf 79' lang='lat' dir='ltr'>LXXI)</span> <span class='ocrx_word' id='word_1_199' title='bbox 533 3054 680 3127; x_wconf 90' lang='lat' dir='ltr'>petentes</span> <span class='ocrx_word' id='word_1_200' title='bbox 703 3047 866 3125; x_wconf 87' lang='lat' dir='ltr'>repulsam</span> <span class='ocrx_word' id='word_1_201' title='bbox 891 3046 1030 3108; x_wconf 91' lang='lat' dir='ltr'>tulerunt</span> <span class='ocrx_word' id='word_1_202' title='bbox 1053 3048 1096 3108; x_wconf 88' lang='lat' dir='ltr'>ab</span> <span class='ocrx_word' id='word_1_203' title='bbox 1124 3047 1224 3109; x_wconf 87' lang='lat' dir='ltr'>altera</span> <span class='ocrx_word' id='word_1_204' title='bbox 1252 3050 1323 3109; x_wconf 90' lang='lat' dir='ltr'>civi-</span> 
     </span>
     <span class='ocr_line' id='line_1_27' title="bbox 266 3152 1323 3236; baseline 0.002 -21"><span class='ocrx_word' id='word_1_205' title='bbox 266 3162 335 3218; x_wconf 82' lang='lat' dir='ltr'>tate</span> <span class='ocrx_word' id='word_1_206' title='bbox 360 3173 458 3236; x_wconf 90' lang='lat' dir='ltr'>quam</span> <span class='ocrx_word' id='word_1_207' title='bbox 482 3154 636 3216; x_wconf 88' lang='lat' dir='ltr'>adierant.</span> <span class='ocrx_word' id='word_1_208' title='bbox 683 3152 772 3215; x_wconf 91' lang='lat' dir='ltr'>Num</span> <span class='ocrx_word' id='word_1_209' title='bbox 800 3153 864 3215; x_wconf 90' lang='lat' dir='ltr'>hoc</span> <span class='ocrx_word' id='word_1_210' title='bbox 896 3153 1025 3234; x_wconf 89' lang='lat' dir='ltr'>saepius</span> <span class='ocrx_word' id='word_1_211' title='bbox 1049 3153 1170 3217; x_wconf 89' lang='lat' dir='ltr'>Iactum</span> <span class='ocrx_word' id='word_1_212' title='bbox 1200 3155 1242 3216; x_wconf 91' lang='lat' dir='ltr'>sit</span> <span class='ocrx_word' id='word_1_213' title='bbox 1272 3176 1323 3217; x_wconf 90' lang='lat' dir='ltr'>ne·</span> 
     </span>
    </p>

    <p class='ocr_par' dir='ltr' id='par_1_4' title="bbox 202 3260 1422 3555">
     <span class='ocr_line' id='line_1_28' title="bbox 202 3260 1422 3343; baseline 0.001 -20"><span class='ocrx_word' id='word_1_214' title='bbox 202 3314 205 3323; x_wconf 92' lang='lat'>.</span> <span class='ocrx_word' id='word_1_215' title='bbox 264 3262 371 3334; x_wconf 89' lang='lat' dir='ltr'>scitur,</span> <span class='ocrx_word' id='word_1_216' title='bbox 409 3260 532 3339; x_wconf 86' lang='lat' dir='ltr'>lapides</span> <span class='ocrx_word' id='word_1_217' title='bbox 563 3279 659 3323; x_wconf 92' lang='lat' dir='ltr'>nemo</span> <span class='ocrx_word' id='word_1_218' title='bbox 691 3260 895 3341; x_wconf 87' lang='lat' dir='ltr'>exspectabit</span> <span class='ocrx_word' id='word_1_219' title='bbox 925 3261 967 3322; x_wconf 92' lang='lat' dir='ltr'>de</span> <span class='ocrx_word' id='word_1_220' title='bbox 1002 3280 1042 3321; x_wconf 90' lang='lat' dir='ltr'>ea</span> <span class='ocrx_word' id='word_1_221' title='bbox 1075 3280 1110 3321; x_wconf 93' lang='lat' dir='ltr'>re</span> <span class='ocrx_word' id='word_1_222' title='bbox 1149 3262 1322 3343; x_wconf 86' lang='lat' dir='ltr'>quicquam</span> <span class='ocrx_word' id='word_1_223' title='bbox 1421 3325 1422 3340; x_wconf 21' lang='lat' dir='ltr'>p</span> 
     </span>
     <span class='ocr_line' id='line_1_29' title="bbox 263 3367 1321 3451; baseline 0.003 -22"><span class='ocrx_word' id='word_1_224' title='bbox 263 3367 446 3448; x_wconf 86' lang='lat' dir='ltr'>prolaturos</span> <span class='ocrx_word' id='word_1_225' title='bbox 463 3386 543 3441; x_wconf 87' lang='lat' dir='ltr'>esse,</span> <span class='ocrx_word' id='word_1_226' title='bbox 562 3367 757 3449; x_wconf 89' lang='lat' dir='ltr'>scriptorum</span> <span class='ocrx_word' id='word_1_227' title='bbox 775 3387 839 3429; x_wconf 90' lang='lat' dir='ltr'>non</span> <span class='ocrx_word' id='word_1_228' title='bbox 856 3368 965 3447; x_wconf 89' lang='lat' dir='ltr'>magni</span> <span class='ocrx_word' id='word_1_229' title='bbox 984 3367 1136 3429; x_wconf 89' lang='lat' dir='ltr'>intererat</span> <span class='ocrx_word' id='word_1_230' title='bbox 1152 3370 1321 3451; x_wconf 90' lang='lat' dir='ltr'>quomodo</span> 
     </span>
     <span class='ocr_line' id='line_1_30' title="bbox 264 3472 1321 3555; baseline 0.009 -21"><span class='ocrx_word' id='word_1_231' title='bbox 264 3472 409 3537; x_wconf 81' lang='lat' dir='ltr'>ciuitates</span> <span class='ocrx_word' id='word_1_232' title='bbox 422 3473 566 3555; x_wconf 85' lang='lat' dir='ltr'>singulae</span> <span class='ocrx_word' id='word_1_233' title='bbox 578 3475 727 3537; x_wconf 89' lang='lat' dir='ltr'>turbatae</span> <span class='ocrx_word' id='word_1_234' title='bbox 740 3475 772 3536; x_wconf 84' lang='lat' dir='ltr'>ln</span> <span class='ocrx_word' id='word_1_235' title='bbox 788 3475 995 3537; x_wconf 87' lang='lat' dir='ltr'>concordiam</span> <span class='ocrx_word' id='word_1_236' title='bbox 1011 3474 1167 3538; x_wconf 90' lang='lat' dir='ltr'>redissent</span> <span class='ocrx_word' id='word_1_237' title='bbox 1184 3495 1321 3543; x_wconf 86' lang='lat' dir='ltr'>narrare.</span> 
     </span>
    </p>

    <p class='ocr_par' dir='ltr' id='par_1_5' title="bbox 262 3577 1422 4532">
     <span class='ocr_line' id='line_1_31' title="bbox 265 3577 1421 3660; baseline 0.005 -19"><span class='ocrx_word' id='word_1_238' title='bbox 265 3577 298 3641; x_wconf 88' lang='lat' dir='ltr'>Si</span> <span class='ocrx_word' id='word_1_239' title='bbox 325 3601 353 3642; x_wconf 92' lang='lat' dir='ltr'>n.</span> <span class='ocrx_word' id='word_1_240' title='bbox 370 3580 444 3643; x_wconf 90' lang='lat' dir='ltr'>LXI</span> <span class='ocrx_word' id='word_1_241' title='bbox 468 3581 597 3644; x_wconf 89' lang='lat' dir='ltr'>lacunas</span> <span class='ocrx_word' id='word_1_242' title='bbox 613 3591 701 3645; x_wconf 88' lang='lat' dir='ltr'>recte</span> <span class='ocrx_word' id='word_1_243' title='bbox 725 3579 863 3660; x_wconf 88' lang='lat' dir='ltr'>explevi,</span> <span class='ocrx_word' id='word_1_244' title='bbox 886 3581 1058 3644; x_wconf 89' lang='lat' dir='ltr'>adversarii</span> <span class='ocrx_word' id='word_1_245' title='bbox 1082 3582 1109 3643; x_wconf 92' lang='lat' dir='ltr'>si</span> <span class='ocrx_word' id='word_1_246' title='bbox 1133 3584 1215 3645; x_wconf 90' lang='lat' dir='ltr'>inter</span> <span class='ocrx_word' id='word_1_247' title='bbox 1242 3583 1323 3647; x_wconf 89' lang='lat' dir='ltr'>duas</span> <span class='ocrx_word' id='word_1_248' title='bbox 1420 3603 1421 3624; x_wconf 63' lang='lat'>¹</span> 
     </span>
     <span class='ocr_line' id='line_1_32' title="bbox 263 3685 1422 3773; baseline 0.006 -27"><span class='ocrx_word' id='word_1_249' title='bbox 263 3686 414 3749; x_wconf 87' lang='lat' dir='ltr'>civitates</span> <span class='ocrx_word' id='word_1_250' title='bbox 449 3707 499 3751; x_wconf 86' lang='lat' dir='ltr'>res</span> <span class='ocrx_word' id='word_1_251' title='bbox 535 3697 604 3753; x_wconf 87' lang='lat' dir='ltr'>erat</span> <span class='ocrx_word' id='word_1_252' title='bbox 638 3689 779 3771; x_wconf 90' lang='lat' dir='ltr'>primum</span> <span class='ocrx_word' id='word_1_253' title='bbox 814 3689 856 3749; x_wconf 91' lang='lat' dir='ltr'>ad</span> <span class='ocrx_word' id='word_1_254' title='bbox 891 3689 1018 3752; x_wconf 90' lang='lat' dir='ltr'>tertiam</span> <span class='ocrx_word' id='word_1_255' title='bbox 1054 3689 1219 3753; x_wconf 90' lang='lat' dir='ltr'>civitatem</span> <span class='ocrx_word' id='word_1_256' title='bbox 1251 3712 1320 3773; x_wconf 91' lang='lat' dir='ltr'>pro·</span> <span class='ocrx_word' id='word_1_257' title='bbox 1420 3685 1422 3722; x_wconf 70' lang='lat'><em>³</em></span> 
     </span>
     <span class='ocr_line' id='line_1_33' title="bbox 263 3790 1320 3875; baseline 0.007 -23"><span class='ocrx_word' id='word_1_258' title='bbox 263 3790 360 3854; x_wconf 85' lang='lat' dir='ltr'>ficisci</span> <span class='ocrx_word' id='word_1_259' title='bbox 384 3793 532 3857; x_wconf 91' lang='lat' dir='ltr'>solebant</span> <span class='ocrx_word' id='word_1_260' title='bbox 555 3803 591 3856; x_wconf 89' lang='lat' dir='ltr'>ut</span> <span class='ocrx_word' id='word_1_261' title='bbox 614 3804 779 3857; x_wconf 87' lang='lat' dir='ltr'>narrarent</span> <span class='ocrx_word' id='word_1_262' title='bbox 802 3796 879 3875; x_wconf 90' lang='lat' dir='ltr'>quid</span> <span class='ocrx_word' id='word_1_263' title='bbox 904 3804 1064 3875; x_wconf 84' lang='lat' dir='ltr'>ageretur,</span> <span class='ocrx_word' id='word_1_264' title='bbox 1096 3807 1166 3859; x_wconf 82' lang='lat' dir='ltr'>turn</span> <span class='ocrx_word' id='word_1_265' title='bbox 1189 3797 1320 3861; x_wconf 90' lang='lat' dir='ltr'>demum</span> 
     </span>
     <span class='ocr_line' id='line_1_34' title="bbox 263 3900 1322 3987; baseline 0.006 -26"><span class='ocrx_word' id='word_1_266' title='bbox 263 3919 305 3961; x_wconf 89' lang='lat' dir='ltr'>ex</span> <span class='ocrx_word' id='word_1_267' title='bbox 312 3900 425 3963; x_wconf 90' lang='lat' dir='ltr'>ordine</span> <span class='ocrx_word' id='word_1_268' title='bbox 438 3902 592 3981; x_wconf 88' lang='lat' dir='ltr'>scriptum</span> <span class='ocrx_word' id='word_1_269' title='bbox 603 3902 838 3965; x_wconf 87' lang='lat' dir='ltr'>accusatorium</span> <span class='ocrx_word' id='word_1_270' title='bbox 852 3904 1153 3984; x_wconf 88' lang='lat' dir='ltr'>componebatur,id</span> <span class='ocrx_word' id='word_1_271' title='bbox 1166 3907 1254 3985; x_wconf 92' lang='lat' dir='ltr'>quod</span> <span class='ocrx_word' id='word_1_272' title='bbox 1267 3926 1322 3987; x_wconf 86' lang='lat' dir='ltr'>per</span> 
     </span>
     <span class='ocr_line' id='line_1_35' title="bbox 262 4007 1317 4093; baseline 0.006 -26"><span class='ocrx_word' id='word_1_273' title='bbox 262 4026 297 4067; x_wconf 91' lang='lat' dir='ltr'>se</span> <span class='ocrx_word' id='word_1_274' title='bbox 320 4008 457 4090; x_wconf 89' lang='lat' dir='ltr'>quisque</span> <span class='ocrx_word' id='word_1_275' title='bbox 482 4007 687 4070; x_wconf 89' lang='lat' dir='ltr'>concluderet</span> <span class='ocrx_word' id='word_1_276' title='bbox 710 4010 835 4073; x_wconf 91' lang='lat' dir='ltr'>etiamsi</span> <span class='ocrx_word' id='word_1_277' title='bbox 860 4010 1046 4093; x_wconf 89' lang='lat' dir='ltr'>exemplum</span> <span class='ocrx_word' id='word_1_278' title='bbox 1076 4010 1152 4073; x_wconf 89' lang='lat' dir='ltr'>illud</span> <span class='ocrx_word' id='word_1_279' title='bbox 1182 4013 1317 4075; x_wconf 89' lang='lat' dir='ltr'>deesset.</span> 
     </span>
     <span class='ocr_line' id='line_1_36' title="bbox 262 4104 1420 4532; baseline 0.007 -355"><span class='ocrx_word' id='word_1_280' title='bbox 262 4113 359 4181; x_wconf 89' lang='lat' dir='ltr'>Haud</span> <span class='ocrx_word' id='word_1_281' title='bbox 375 4114 467 4179; x_wconf 85' lang='lat' dir='ltr'>aliter</span> <span class='ocrx_word' id='word_1_282' title='bbox 483 4116 555 4179; x_wconf 91' lang='lat' dir='ltr'>lites</span> <span class='ocrx_word' id='word_1_283' title='bbox 571 4116 671 4201; x_wconf 89' lang='lat' dir='ltr'>partis</span> <span class='ocrx_word' id='word_1_284' title='bbox 688 4116 804 4199; x_wconf 87' lang='lat' dir='ltr'>prioris</span> <span class='ocrx_word' id='word_1_285' title='bbox 827 4117 988 4180; x_wconf 87' lang='lat' dir='ltr'>institutas</span> <span class='ocrx_word' id='word_1_286' title='bbox 1005 4137 1076 4181; x_wconf 87' lang='lat' dir='ltr'>esse</span> <span class='ocrx_word' id='word_1_287' title='bbox 1093 4119 1125 4181; x_wconf 93' lang='lat' dir='ltr'>in</span> <span class='ocrx_word' id='word_1_288' title='bbox 1148 4120 1318 4204; x_wconf 91' lang='lat' dir='ltr'>propatulo</span> <span class='ocrx_word' id='word_1_289' title='bbox 1409 4104 1420 4532; x_wconf 48' lang='lat' dir='ltr'><em>s</em></span> 
     </span>
    </p>
   </div>
   <div class='ocr_carea' id='block_1_3' title="bbox 0 0 1454 4559">
    <p class='ocr_par' dir='ltr' id='par_1_6' title="bbox 0 0 1454 4559">
     <span class='ocr_line' id='line_1_37' title="bbox 0 0 1454 4559; baseline 0 1"><span class='ocrx_word' id='word_1_290' title='bbox 0 0 1454 4559; x_wconf 95' lang='lat' dir='ltr'> </span> 
     </span>
    </p>
   </div>
  </div>
 </body>
</html>
