2900 4559
577 289 795 351 ...65-

160 503 251 565 gono
290 494 322 547 et
360 482 557 565 Lysimacho
603 486 642 566 (†
667 486 742 568 281)
789 504 914 546 rursum
957 494 1120 547 exstructa
1165 498 1221 549 est.

162 589 246 653 Cum
270 599 377 654 autem
402 592 560 673 scriptura
583 592 742 654 recentior
763 591 910 654 videatur
935 611 1008 654 esse
1038 613 1123 655 anno
1147 597 1220 669 281,

156 698 285 761 titulum
310 698 362 761 hic
384 698 484 761 attuli.
789 692 791 695 ’

261 803 309 868 IC.
344 803 379 868 C.
389 805 415 885 J.
431 804 467 867 G.
483 806 570 884 3640
585 834 628 860 =
640 803 772 868 Bechtel
788 824 840 887 ap.
855 806 996 867 Bezzb.
1015 807 1092 869 Btr.
1107 808 1139 870 V
1159 810 1218 870 162

154 930 204 991 sq.
223 932 251 973 n.
267 912 312 988 64
327 940 370 967 =
386 931 438 991 ap.
457 912 569 977 Collitz
593 914 656 991 318
673 940 716 971 =
732 910 838 978 Cauer
861 928 933 989 434
979 910 1100 977 Civitas
1124 934 1219 995 quae·

157 1020 234 1088 dam
259 1038 357 1100 quam
373 1018 559 1083 Boeckhius
576 1018 697 1082 conicit
713 1040 785 1086 esse
800 1018 1019 1100 Cymaeorum
1035 1020 1067 1081 in
1077 1022 1218 1084 Aeolide

156 1126 302 1188 decernit
324 1126 556 1208 Lampsacenis
579 1126 770 1208 propinquis
793 1126 839 1189 ob
861 1126 1048 1206 ablegatum
1068 1128 1216 1203 iudicem,

157 1233 214 1313 qui
252 1230 377 1299 διέλυσε
415 1241 447 1301 et
486 1229 621 1313 ἐδίκασε,
658 1232 790 1297 laudem
829 1251 1048 1317 coronamque
1083 1255 1214 1298 auream

156 1340 243 1402 ludis
266 1340 298 1401 in
322 1338 471 1403 Herculis
493 1339 651 1402 honorem
675 1338 874 1401 celebrandis
907 1340 1000 1403 simul
1035 1361 1111 1405 cum
1143 1363 1217 1425 pro-

158 1446 369 1521 nuntiatione,
420 1446 529 1529 legato
576 1446 689 1513 eadem
736 1454 967 1531 praetereaque
1012 1449 1215 1529 proxeniam

152 1551 319 1637 πρόσοδον
342 1552 425 1638 πρὸς
447 1552 571 1636 βδλλαγ
594 1554 650 1617 καὶ
672 1552 775 1635 δᾶμον
802 1562 835 1617 et
866 1555 1071 1620 constituitur
1099 1556 1217 1637 Lamp-

148 1680 288 1723 sacenos
311 1662 452 1725 orandos
476 1680 556 1735 esse,
591 1670 626 1723 ut
656 1660 822 1742 Dionysiis
857 1659 938 1723 haec
972 1662 1218 1745 promulgarent

149 1777 187 1829 et
210 1767 242 1829 in
265 1767 338 1831 loco
369 1767 501 1848 publico
534 1768 713 1848 conspicuo
752 1778 979 1850 proponerent.
1034 1770 1218 1834 Boeckhius

148 1881 250 1955 putat
277 1882 418 1939 aetatem
451 1874 579 1939 saeculo
609 1876 652 1939 ab
675 1874 865 1939 Alexandro
889 1874 1008 1953 Magno
1031 1877 1139 1957 primo
1162 1879 1217 1939 vix

152 1978 340 2044 inferiorem
376 2002 455 2055 esse,
492 1980 674 2044 Bechtelius
714 1980 791 2043 nihil
829 1981 908 2044 certi
946 1981 1079 2064 proferri
1114 2005 1213 2069 posse

147 2097 258 2171 putat,
283 2108 347 2174 ego
364 2090 407 2153 ob
424 2088 561 2155 formam
576 2088 740 2173 apicatam
763 2087 888 2153 litterae
903 2090 940 2152 Π
951 2089 1081 2156 alterius
1096 2092 1216 2155 saeculi

150 2194 285 2257 titulum
309 2215 379 2261 esse
402 2196 576 2263 contendo,

258 2301 294 2371 C.
328 2302 363 2370 C.
373 2302 399 2383 J.
414 2299 451 2365 G.
477 2304 562 2384 3568
587 2300 605 2379 l.
651 2302 741 2367 Lites
764 2301 861 2366 Peltis
884 2302 1041 2385 Phrygiae
1064 2315 1151 2369 ortas
1174 2307 1216 2371 ad

149 2408 252 2471 finem
288 2408 484 2489 perduxerat
517 2409 617 2473 iudex
648 2410 856 2483 AntandriuS,
882 2410 931 2473 cui
966 2412 1072 2475 scriba
1107 2433 1217 2477 comes

148 2517 246 2581 datus
271 2525 349 2582 erat.
395 2515 497 2581 Iudex
520 2516 598 2579 dum
629 2516 660 2578 in
687 2514 751 2579 hoc
783 2518 917 2597 negotio
946 2527 1100 2593 versatur,
1135 2522 1212 2583 novi

149 2624 362 2705 magistratus
386 2624 485 2685 creati
509 2632 590 2687 sunt.
637 2623 752 2705 Neque
775 2632 886 2688 tamen
902 2625 1110 2704 magistratus
1129 2628 1216 2690 —id

151 2728 243 2811 quod
273 2738 509 2811 exspectes-
534 2730 592 2793 sed
623 2730 692 2813 ipse
723 2730 822 2793 iudex
852 2732 1039 2812 petentibus
1066 2732 1215 2796 Pelteniis

151 2831 239 2917 μετὰ
256 2842 325 2899 τῶν
341 2836 567 2902 συνδικαστῶν
582 2836 637 2919 (de
661 2836 778 2915 quibus
793 2857 822 2903 v.
840 2856 871 2918 p.
890 2840 929 2913 83
948 2840 1008 2921 sq.)
1025 2850 1213 2919 susceptum
1275 2831 1280 2842 ’

153 2942 327 3022 negotium
358 2943 401 3005 ad
431 2941 528 3007 finem
558 2944 717 3023 perduxit.
764 2944 811 3010 Ea
836 2944 877 3006 de
901 2964 999 3007 causa
1031 2946 1218 3009 Antandriis
1302 3028 1305 3033 Ι

150 3048 248 3111 datur
277 3048 346 3111 laus
370 3050 464 3143 simtu
489 3069 563 3111 cum
587 3070 706 3114 corona
732 3070 828 3113 aurea
852 3060 884 3111 et
906 3051 1077 3113 simulacro
1103 3072 1215 3128 acne0,

154 3156 273 3221 eadem
308 3156 414 3229 iudici,
446 3157 573 3219 scribae
600 3156 680 3230 laus,
712 3177 835 3221 corona
867 3177 973 3230 aurea,
1010 3157 1215 3221 simulacrum

156 3264 291 3344 pictum.
339 3262 455 3325 Cetera
477 3263 648 3345 perierunt.

263 3368 311 3431 (ΖΙ.
336 3368 422 3431 Curt.
448 3368 560 3451 Progr.
590 3386 637 3449 13.
676 3370 932 3452 Bargylietarum
956 3372 1008 3435 hic
1032 3382 1082 3436 est
1105 3374 1214 3438 titulus

155 3476 187 3537 in
227 3474 385 3539 honorem
423 3474 611 3544 Samiorum
650 3478 704 3557 qui
743 3487 808 3541 tres
840 3478 965 3542 iudices
1000 3481 1161 3554 miserant,
1197 3503 1217 3544 a

159 3583 278 3665 quibus
301 3602 417 3645 causae
441 3584 556 3665 partim
581 3582 709 3657 dilutae,
739 3586 858 3667 partim
889 3585 1084 3649 diiudicatae
1116 3598 1216 3655 erant.

158 3689 372 3752 Accuratiora
396 3690 437 3753 de
460 3689 584 3769 origine
608 3700 641 3753 et
664 3699 814 3773 tempore
843 3692 918 3754 vide
941 3694 974 3754 in
998 3714 1135 3756 excursu
1161 3695 1215 3756 llI.

264 3796 329 3862 CII.
364 3795 401 3861 C.
415 3796 441 3877 J.
461 3794 499 3859 G.
526 3798 611 3878 2167
636 3817 663 3863 c.
710 3796 839 3861 Civitati
875 3800 985 3862 nescio
1024 3800 1073 3861 cui
1108 3800 1220 3880 Joniae

158 3903 381 3983 Methymnaei
399 3902 536 3964 iudicem
555 3904 723 3986 miseram
741 3905 853 3965 civitas
868 3905 922 3968 illa
934 3906 1037 3985 gratia
1054 3917 1219 3969 commota
1302 3922 1312 3943 ⁶

158 4011 301 4073 honores
340 4010 492 4075 decernit.
551 4009 603 4071 Ex
649 4010 687 4072 iis
733 4032 817 4091 quae
862 4024 990 4075 servata
1028 4024 1102 4074 sunt
1140 4015 1220 4075 duas

158 4117 327 4184 columnas
372 4116 451 4197 erigi
495 4117 598 4179 iussas
644 4137 714 4184 esse
749 4120 862 4192 elucet,
911 4140 1046 4201 quarum
1085 4121 1219 4184 alteram

1098 4246 1114 4301 ὅ
