2900 4559
698 232 919 297 ..1111-

281 425 365 508 Eph.
389 427 474 491 arch.
505 428 585 507 1853
611 449 643 511 p.
670 431 734 508 817
758 450 788 492 n.
823 444 905 508 1337
936 454 980 485 =
1011 426 1114 491 Meier
1142 445 1175 507 p.
1203 427 1248 503 48
1272 446 1345 507 sqq.
1383 416 1390 426 ’

281 534 333 599 De
356 532 583 599 Orchomeniis
605 535 760 609 Boeotiis,
783 556 851 599 nou
875 535 1038 599 Arcadiae
1059 554 1247 597 sermonem
1271 553 1345 597 esse

281 651 363 722 puto
379 662 452 705 cum
469 643 516 705 Le
527 643 634 709 Basio.
669 642 816 707 Gratiam
831 643 865 707 hi
879 642 1020 706 referunt
1033 642 1281 724 Megarensibus
1294 661 1342 705 ca.

280 767 399 811 annum
417 766 478 828 190
489 751 534 812 ob
546 750 663 812 missos
678 750 761 813 duos
774 751 898 815 iudicer
912 759 947 813 et
961 749 1110 813 scribam
1132 749 1345 831 Megarenses

280 854 341 937 ipsi
373 856 550 931 laudantur,
581 878 660 920 auro
691 867 896 931 coronantur,
931 856 1048 939 legatis
1082 876 1196 919 eorum
1228 875 1345 918 conce·

282 962 403 1043 duntur
432 961 511 1037 laus,
544 984 665 1027 corona
694 986 802 1039 aurea,
835 965 995 1046 proxenia
1024 964 1103 1047 ipsis
1136 973 1170 1027 et
1191 963 1343 1046 posteris,

280 1068 413 1142 isotelia,
438 1070 572 1152 asylum,
597 1090 677 1134 cena
700 1073 733 1133 iu
760 1081 929 1155 prytaneo,
957 1071 1152 1155 proponitur
1173 1069 1288 1133 titulus
1312 1070 1344 1130 in

282 1174 363 1248 soro,
394 1178 579 1241 nuntiantur
607 1178 748 1242 honores
777 1179 944 1261 Dionysiis
974 1178 1201 1261 praesentibus
1231 1177 1344 1259 Mega·

280 1283 427 1347 rensibus
449 1283 488 1347 cf.
513 1286 610 1349 etiam
633 1307 662 1349 n.
685 1285 799 1350 XCVI.

370 1390 561 1465 LXXXVII,
579 1392 687 1457 Wood
700 1393 942 1456 discoveries
954 1392 1187 1475 atEphesus
1199 1392 1344 1474 append.

279 1498 355 1559 VIII
371 1518 402 1579 p.
418 1514 435 1559 2
450 1518 479 1560 n.
497 1516 508 1559 1
525 1499 665 1563 London
685 1500 970 1580 1877==Dareste,
996 1497 1192 1581 nouvelle
1220 1519 1346 1561 revue

281 1602 507 1687 historique
530 1607 577 1668 de
600 1607 711 1669 droit
740 1606 916 1683 francais
939 1615 976 1671 et
999 1608 1193 1686 etranger
1215 1606 1231 1666 I
1259 1606 1343 1686 1877

282 1731 314 1791 p.
337 1713 392 1774 161
420 1712 623 1795 sqq.=Ditt.
643 1712 937 1793 344=Thalheim
960 1730 1220 1795 pp.134-·149.
1260 1710 1346 1775 Con-

279 1820 426 1881 stitutum
450 1828 501 1881 est
522 1819 652 1905 ξενικὸν
680 1820 889 1904 δικαστήριον
917 1819 1016 1902 quod,
1042 1820 1198 1900 quoniam
1221 1819 1346 1882 multae

280 1946 397 1989 causae
429 1926 547 1990 adsunt
575 1928 660 1990 bello
683 1926 841 2001 coniecto,
874 1927 916 1990 de
944 1936 1036 2007 parte
1067 1946 1179 1991 earum
1212 1927 1345 1989 iudicet.

265 2032 448 2097 Darestius
468 2034 501 2096 id
517 2035 659 2118 explicat
672 2056 706 2118 p.
727 2049 783 2116 171
808 2033 1010 2098 »tribunal
1033 2034 1106 2096 des
1130 2035 1348 2115 dtrangers

281 2138 348 2221 qui
387 2140 569 2223 rappelle
607 2142 645 2206 le
683 2150 852 2221 praetor
886 2142 1129 2224 peregrinus
1167 2140 1237 2203 des
1274 2138 1346 2203 Ro-

280 2247 443 2309 mainsr.
479 2246 546 2312 Sed
568 2247 694 2329 ξενικὸς
717 2258 767 2311 est
788 2248 875 2311 idem
898 2257 998 2329 atque
1014 2247 1213 2330 peregrinus,
1231 2267 1342 2329 neque
1432 2317 1433 2326 1

281 2354 421 2417 tribunal
443 2354 573 2438 ξενικὸν
595 2366 645 2419 est
667 2355 806 2420 tribunal
830 2355 919 2436 quod
942 2356 1063 2418 iudicet
1092 2355 1134 2417 de
1163 2353 1344 2436 peregrinis
1432 2337 1433 2392 i

281 2461 340 2523 sed
363 2463 453 2544 quod
476 2464 683 2545 componitur
706 2484 749 2527 ex
771 2462 912 2527 externis
938 2461 1123 2525 hominibus
1145 2460 1185 2527 cf.
1209 2481 1345 2543 quoque
1432 2479 1433 2540 3

281 2568 420 2632 Newton
437 2570 479 2633 111
495 2590 525 2636 n.
542 2586 604 2647 421
623 2592 653 2638 v.
672 2590 689 2651 3
707 2582 740 2633 et
756 2569 835 2637 nun
853 2570 886 2633 v
912 2584 972 2631 102
996 2590 1027 2633 v.
1052 2584 1083 2644 4.
1106 2567 1201 2631 raus.
1226 2568 1342 2647 11119.
1432 2551 1433 2588 ³

285 2688 311 2753 5.
358 2676 485 2740 Deinde
509 2677 595 2739 unde
610 2678 670 2741 scit
685 2678 853 2740 Darestius
869 2677 968 2740 etiam
984 2676 1174 2758 peregrinos
1190 2675 1253 2738 hac
1267 2675 1340 2757 lege

284 2792 455 2847 contentos
494 2782 590 2847 fuisse
629 2785 670 2849 cf.
693 2804 722 2845 n.
748 2782 889 2847 XLVII?
934 2784 988 2845 De
1023 2783 1156 2857 civibus,
1195 2802 1261 2845 non
1300 2784 1343 2845 de

281 2891 460 2972 peregrinis
484 2890 565 2955 haec
591 2892 645 2955 lex
668 2890 776 2953 valuit.
825 2890 892 2954 Sed
914 2889 994 2972 quid
1018 2899 1067 2953 est
1089 2887 1241 2970 Ephesiis
1263 2889 1342 2972 ipsis

281 3017 353 3059 cum
377 3007 529 3080 praetore
551 2997 743 3079 peregrino?
766 2996 862 3071 Nihil,
887 2997 913 3059 si
937 2998 1038 3060 modo
1061 3006 1097 3060 ut
1120 2996 1180 3067 hic,
1206 2996 1290 3059 inter
1304 3014 1340 3059 se

283 3104 449 3168 discordes
473 3114 555 3168 sunt.
601 3105 702 3186 Apud
725 3105 789 3167 boc
812 3104 952 3168 tribunal
975 3104 1087 3167 instrui
1110 3104 1264 3166 iubentur
1279 3103 1339 3166 hae

280 3231 399 3274 causae
422 3212 462 3275 de
487 3211 571 3294 agris
594 3212 821 3292 pecuniisque:
844 3232 873 3273 v.
892 3225 928 3292 51
955 3230 1025 3293 sqq.
1044 3230 1129 3291 quae
1151 3220 1244 3271 ortae
1267 3218 1342 3274 sunt

282 3318 322 3381 de
339 3338 388 3393 eo,
409 3321 498 3400 quod
513 3340 607 3402 praes
624 3319 701 3382 dicit
722 3340 743 3381 a
766 3319 926 3381 creditore
948 3317 1040 3381 fenus
1060 3325 1252 3379 renovatum
1270 3337 1340 3379 esse

282 3426 314 3488 in
337 3424 445 3508 plures
476 3446 579 3489 annos
608 3445 706 3507 quam
735 3447 778 3489 ex
808 3433 908 3505 pacto
930 3424 1020 3486 licuit
1042 3431 1076 3486 et
1097 3423 1182 3484 hanc
1204 3423 1249 3483 ob
1273 3443 1339 3487 rem

281 3531 452 3614 pecuniam
482 3534 613 3596 nimiam
645 3531 788 3615 pendere
822 3550 888 3594 non
915 3530 991 3606 vult,
1025 3549 1099 3593 cum
1123 3528 1263 3592 creditor
1286 3540 1341 3594 aut

281 3648 380 3721 neget
403 3660 438 3703 se
461 3650 572 3704 contra
595 3648 728 3723 pactum
750 3638 815 3701 hoc
837 3637 952 3701 fecisse
975 3645 1032 3701 aut
1053 3634 1193 3699 affirmet
1216 3657 1236 3697 a
1251 3656 1339 3717 prae·

282 3747 324 3810 de
355 3746 415 3808 sibi
444 3747 637 3828 permissum
661 3766 741 3819 esse,
766 3766 796 3811 v.
822 3748 862 3825 83
879 3765 950 3827 sqq.
975 3763 1093 3807 causae
1116 3743 1190 3806 inde
1212 3742 1339 3806 initium

283 3854 447 3927 ducentes,
465 3853 552 3934 quod
569 3853 709 3915 creditor
732 3850 903 3934 profitetur
917 3852 981 3912 iam
997 3859 1074 3914 ante
1089 3848 1210 3912 bellum
1225 3849 1339 3914 initum

181 4022 182 4025 ,
283 3981 360 4023 ase
392 3978 504 4042 agrum
537 3959 692 4021 debitoris
724 3966 922 4040 occupatum
955 3976 1034 4031 esse,
1066 3976 1139 4019 cum
1176 3956 1339 4020 debitores

287 4068 349 4141 hoc
366 4075 487 4151 negent
502 4086 614 4129 verum
634 4086 713 4142 esse,
738 4087 769 4131 v.
795 4068 835 4147 87
860 4084 930 4147 sqq.
961 4064 987 4127 si
1017 4065 1155 4128 creditor
1186 4064 1228 4128 de
1256 4065 1340 4149 agris
