2900 4559
529 298 772 360 -123—

115 487 264 571 γένοντο,
299 497 333 552 et
367 488 443 552 belli
485 488 616 552 alterius
653 490 779 552 initium
818 500 894 570 post
928 490 1182 554 Philometorem

114 597 169 678 (cf.
188 597 392 679 Corrigenda
415 618 447 678 p.
469 596 543 677 126)
567 604 733 659 mortuum
755 605 826 660 erat
847 598 1182 664 commemorandum.

114 705 288 767 Praeterea
324 704 418 765 unius
452 704 590 786 κρίσεως
624 703 657 765 in
688 703 752 767 hoc
783 704 855 786 ipso
893 704 1025 767 decreto
1060 705 1183 767 mentio

110 809 151 873 fit
176 831 226 872 vv.
248 823 262 891 5
269 812 303 890 3]
307 822 349 890 54
371 805 517 892 έγνοομεν
545 808 581 873 ἐκ
610 818 671 893 τῆς
700 806 797 895 [καθΊ
829 805 998 895 ἑκατέρων
1023 811 1184 896 [δοθείσης

114 916 265 1000 κρίσεως,
278 916 333 979 ubi
346 916 462 979 ambae
475 916 594 999 κρίσεις
606 919 913 981 commemorandae
926 927 1027 990 erant,
1042 919 1069 981 si
1082 919 1183 982 modo

113 1024 166 1086 bis
183 1023 358 1089 iudicatum
377 1031 433 1086 est.
470 1020 685 1086 Scribendum
702 1024 781 1086 mihi
805 1024 934 1088 videtur
959 1044 1039 1100 esse,
1065 1046 1140 1089 cum
1165 1046 1183 1087 e

114 1139 213 1214 parte
236 1129 399 1193 Viereckii
423 1129 627 1193 coniecturas
655 1131 849 1210 amplectar:
880 1132 1031 1216 δοθείσης
1054 1131 1089 1197 δὲ
1112 1136 1185 1217 (τῆς

116 1236 260 1321 κρίσεως
283 1246 344 1320 τῆς
366 1233 464 1321 κα)τὰ
489 1230 685 1321 [oxomam
707 1233 840 1314 πόλεως
862 1239 917 1303 καὶ
939 1247 999 1303 τοῦ
1023 1237 1184 1323 δόγματος

113 1342 286 1428 πρδτερδν
308 1366 344 1408 τε
366 1344 424 1408 καὶ
447 1350 508 1407 νῦν
531 1342 739 1427 περιέχοντος
770 1344 821 1407 vel
850 1346 905 1409 καὶ
932 1354 992 1411 τοῦ
1021 1345 1185 1431 πρότερον

112 1474 155 1517 τε
179 1451 235 1514 καὶ
257 1458 319 1515 νῦν
342 1446 500 1535 δέγματος
518 1448 593 1514 ’τοῦ
623 1450 685 1533 (vel
716 1452 840 1515 omisso
870 1457 941 1539 τοῦ)
974 1452 1183 1537 περιέχοντος

111 1556 157 1621 cf.
176 1578 226 1621 vv.
243 1560 341 1640 82s83
374 1554 417 1621 τὰ
445 1556 698 1640 παρατεθέντα.
713 1607 720 1621 .
735 1608 764 1622 ..
789 1552 936 1643 δόγματα
969 1558 1035 1622 scil.
1061 1560 1183 1642 dogma

111 1664 207 1747 prius
240 1682 299 1743 per
333 1664 472 1726 Fabium
506 1663 637 1727 Cretam
673 1673 840 1746 portatum
877 1674 914 1728 et
946 1665 1086 1728 alterum
1124 1686 1183 1749 per

113 1771 268 1834 Pisonem
296 1770 440 1832 missum
473 1808 513 1817 -
538 1768 577 1851 Q.
590 1769 740 1845 Fabium,
777 1771 925 1854 Appium
954 1770 1126 1835 Claudium
1150 1795 1179 1836 v.

115 1892 160 1958 73
184 1876 392 1941 scribendum
408 1896 481 1939 esse
504 1894 608 1956 neg0;
632 1896 708 1939 nam
729 1877 820 1941 locus
842 1878 1051 1942 aViereckio
1067 1879 1181 1943 allatus

111 1984 146 2047 Π
169 1983 316 2050 Maccab.
339 2000 388 2059 ιι,
414 2000 456 2063 34
480 1982 639 2048 dissimilis
657 1993 706 2048 est
722 1985 798 2065 quia
812 1993 862 2049 est
878 1985 1015 2067 epistola
1030 1988 1181 2050 Romana

112 2110 234 2171 graece
258 2109 360 2153 versa.
1163 2085 1166 2106 ‘'
