2900 4559
686 250 908 315 ..46,.

261 452 371 509 autem
407 454 466 519 est,
503 446 591 525 quod
622 445 861 511 Themistocles
890 447 980 511 litem
1007 445 1264 527 Corcyraeorum
1297 456 1335 509 et
1436 467 1438 470 ·

262 552 503 617 Corinthiorum
516 554 560 615 ita
573 553 707 627 diremit,
727 564 762 617 ut
779 555 904 636 utrique
920 555 1107 618 Leucadem
1124 554 1337 636 possiderent
1436 558 1438 579 ²

263 661 304 743 (n.
321 660 373 743 V).
422 660 524 723 Multa
547 661 700 743 imposita
725 672 842 743 postea
865 663 1035 725 imminuta
1059 670 1107 724 est
1128 658 1213 725 nfL.
1262 660 1337 725 Sed
1436 735 1438 762 Ι

267 766 321 845 qui
339 787 530 848 processum
546 776 604 841 est,
622 769 649 831 si
662 770 846 848 complures
859 770 1006 832 civitates
1018 770 1140 832 iudices
1153 769 1337 832 dederant?
1436 765 1438 843 ξ

260 874 346 937 Tum
360 894 513 938 numerus
525 875 628 937 maior
641 875 778 954 pervicit
785 876 823 938 cI.
837 876 995 939 Meierum
1004 876 1047 937 ad
1059 897 1088 939 n.
1104 875 1334 941 [Arbitrium
1436 882 1438 887 '

264 984 385 1045 iactum
410 982 510 1061 lapidi
534 982 731 1062 insculptum
755 992 805 1045 est
827 993 937 1065 atque,
968 989 1003 1045 ut
1034 984 1185 1063 pernosci
1217 994 1339 1063 posset
1436 1029 1438 1036 -

264 1100 352 1153 aetas
375 1090 468 1163 tituli,
493 1089 625 1153 nomina
648 1092 898 1170 magistratuum
921 1092 1170 1172 uniuscuiusque
1193 1091 1339 1153 civitatis

266 1199 294 1259 ei
321 1197 433 1261 addita
446 1190 524 1259 'sunt
546 1196 585 1259 cs.
611 1218 664 1260 nn.
689 1198 753 1261 XV
775 1206 810 1260 et
830 1198 946 1263 XXXI.
991 1197 1056 1278 Qui
1073 1197 1338 1261 conciliationem
1436 1251 1438 1278 ,

264 1324 325 1386 per
358 1304 480 1367 iudices
516 1302 634 1367 factam
669 1305 789 1376 turbet,
821 1306 850 1368 ei
883 1305 986 1369 multa
1015 1306 1163 1368 imminet
1197 1326 1227 1368 n.
1258 1305 1335 1367 XV.
1436 1324 1438 1327 ’

264 1412 363 1473 Tituli
381 1410 548 1493 exemplar
564 1430 628 1475 non
643 1411 750 1475 solum
770 1412 803 1475 in
819 1412 932 1494 patriIs
946 1412 1141 1493 litigantium
1157 1412 1331 1475 sedetiam
1436 1427 1438 1475 ἴ

266 1519 407 1581 iudicum
430 1519 638 1600 propositum
661 1528 710 1581 est
733 1520 765 1582 in
789 1519 931 1601 publico,
955 1529 1114 1600 quantum
1136 1539 1179 1582 ex
1200 1520 1334 1601 inscrip-

264 1625 408 1689 tionibus
439 1624 535 1704 plane
567 1626 702 1689 servatis
730 1626 836 1691 elucet
858 1626 897 1690 ci.
923 1646 976 1692 nn.
1000 1611 1108 1690 XXXI
1132 1636 1166 1689 et
1188 1626 1251 1688 XV
1274 1627 1334 1689 ubi
1436 1668 1438 1682 ι

266 1732 415 1795 conferas
432 1732 529 1795 velim
553 1753 602 1794 vv.
621 1748 662 1812 27
687 1754 735 1815 sq.
753 1753 828 1796 cum
846 1749 889 1797 20
904 1752 975 1813 sqq.
1016 1733 1104 1814 Quid
1121 1753 1238 1796 causae
1255 1732 1334 1797 suit?
1436 1695 1438 1745 ἰ

269 1838 374 1913 Certe,
399 1860 440 1901 ne
463 1838 549 1901 fraus
573 1839 684 1919 perfici
707 1850 820 1922 posset
843 1842 886 1903 ab
909 1840 1011 1903 altera
1033 1840 1164 1904 civitate
1185 1840 1334 1921 litiganti.
1436 1857 1438 1925 j

266 1947 340 2011 Hoc
364 1966 405 2009 ne
427 1946 520 2011 lieret
544 1948 641 2011 etiam
666 1950 769 2027 magis
793 1947 996 2029 prohibitum
1024 1957 1074 2012 est
1106 1956 1334 2028 transportato

224 2096 233 2115 .
266 2054 360 2117 titulo
396 2054 494 2119 etiam
529 2054 562 2115 in
594 2056 702 2117 locum
732 2056 994 2134 sanctissimum
1025 2055 1071 2117 sic
1099 2054 1221 2117 exarati
1256 2064 1334 2117 sunt
1436 2089 1438 2102 =

267 2160 351 2225 &wli
382 2161 418 2227 C·
440 2161 466 2242 J·
491 2160 530 2227 G·
557 2162 639 2241 ²²65
670 2163 712 2243 (n.
736 2162 821 2240 XV),
852 2161 957 2225 Cauer
993 2178 1055 2225 120
1087 2160 1221 2243 (XXXI)
1245 2160 1332 2231 Deli,
1436 2135 1438 2168 ²

268 2267 451 2351 Arch.Ztg.
471 2271 554 2348 1879
578 2288 608 2348 p.
632 2283 691 2348 127
708 2269 751 2350 (n.
776 2270 841 2349 IL),
866 2270 947 2333 Ditt.
969 2285 1034 2347 240
1057 2268 1126 2350 (LI)
1149 2267 1335 2349 Olympiae.
1436 2309 1438 2349 ς

265 2374 457 2437 ,Proximum
495 2376 593 2455 igitur
628 2396 755 2439 sacrum
790 2375 1035 2439 celeberrimum
1070 2393 1199 2456 semper
1225 2374 1269 2435 ad
1304 2375 1337 2436 id

268 2481 407 2545 electum
431 2490 488 2545 est.
536 2482 700 2563 Rogando
725 2483 935 2565 Impetratum
959 2491 1008 2546 est
1031 2491 1067 2544 ut
1089 2482 1142 2544 tali
1166 2481 1239 2543 loco
1260 2482 1337 2543 titu-
1436 2559 1438 2562 Ι

268 2589 335 2652 lum
359 2598 499 2653 statuere
519 2590 630 2653 liceret
659 2588 713 2666 (cf.
739 2610 792 2652 nn.
816 2589 924 2655 XXXI
954 2598 987 2651 et
1010 2589 1077 2670 LI).
1123 2589 1232 2652 Priore
1261 2589 1337 2651 loco
1436 2585 1438 2650 Ξ

269 2698 350 2759 intra
374 2698 506 2777 triginta
529 2698 609 2771 dies,
623 2706 801 2780 postquam
829 2697 950 2759 iudices
974 2695 1088 2758 Gnosii
1120 2697 1219 2759 creati
1248 2704 1333 2768 sunt,
1436 2747 1438 2760 2

269 2803 337 2867 fieri
369 2804 433 2867 hoc
456 2813 490 2867 et
514 2804 667 2867 iudicium
690 2822 824 2886 quoque
846 2805 930 2866 intra
957 2804 1090 2883 triginta
1122 2803 1190 2865 dies
1213 2802 1334 2865 Delum

271 2912 467 2991 comportari
502 2911 638 2975 iubetur.
687 2911 785 2975 Haud
820 2911 864 2975 ita
898 2911 1044 2975 celeriter
1077 2930 1106 2973 n
1139 2910 1181 2971 LI
1213 2909 1336 2973 factum
1436 2945 1438 2986 ;

270 3018 491 3081 videturesse
515 3016 553 3082 cf.
576 3038 628 3079 vv.
656 3032 698 3095 30
721 3039 791 3101 sqq.
824 3018 942 3081 Missus
966 3026 1016 3079 est
1038 3016 1151 3080 titulus
1167 3016 1211 3079 ad
1226 3016 1337 3079 locum

270 3145 396 3188 sacrum
420 3126 463 3188 ab
486 3126 564 3207 ipsis
587 3125 746 3189 iudIcibus
769 3123 808 3189 cs.
832 3124 937 3187 Cauer
974 3140 1044 3198 120,
1070 3137 1122 3202 25,
1153 3123 1234 3186 Ditt.
1260 3140 1334 3202 240,
1436 3169 1438 3196 2

270 3248 328 3316 303
361 3252 458 3295 causa
490 3233 522 3294 in
554 3242 668 3313 aperto
703 3242 760 3296 est.
810 3231 930 3295 Contra
965 3252 1041 3294 casu
1079 3231 1224 3313 quodam
1257 3230 1337 3294 locis
1436 3223 1438 3228 ’

272 3339 415 3422 pristinis
438 3340 537 3403 amoti
561 3339 711 3403 videntur
728 3360 799 3403 esse
815 3359 846 3405 n.
863 3338 972 3402 XXIV
994 3339 1107 3419 Pagas,
1132 3359 1163 3400 n.
1180 3338 1337 3401 XXXVII

272 3448 451 3520 Madaram‚
477 3468 507 3512 n.
534 3446 609 3509 LlV
634 3444 815 3527 Smyrnam.

377 3554 520 3617 Maxime
565 3554 643 3614 varii
688 3562 764 3615 sunt
808 3554 949 3616 honores
995 3552 1116 3615 decreti
1150 3572 1171 3615 a
1204 3553 1333 3633 magnis

272 3662 467 3735 civitatibus,
486 3660 612 3723 etiamsi
637 3680 690 3723 eas
715 3680 776 3742 pro
801 3660 1026 3739 magnitudine
1055 3659 1122 3722 fere
1152 3659 1266 3741 eaderp
1290 3680 1336 3721 ar·
1436 3675 1438 3722 ἱ

273 3769 364 3831 bitris
397 3768 602 3830 constituisse
633 3767 773 3829 tribuere
806 3776 1012 3849 exspectares
1045 3765 1085 3829 ci.
1108 3786 1159 3829 nn.
1183 3766 1338 3829 XXXVII

273 3896 333 3956 sq,
351 3876 420 3939 LV.
466 3875 667 3937 Tribuuntur
684 3874 720 3935 iis
737 3874 769 3935 in
786 3875 972 3936 universum
987 3874 1066 3947 laus,
1090 3893 1213 3936 corona
1230 3893 1336 3946 aurea,

276 3984 443 4062 proxenia‚
469 4001 588 4045 nomen
617 3976 797 4063 εὐεργέτου,
821 4002 902 4043 cena
930 3981 963 4041 in
987 3989 1158 4061 prytaneo,
1189 3980 1340 4057 proedria
1436 3979 1438 3984 ’

271 4092 363 4167 ludis
394 4086 546 4175 ’ἐγκτησις
569 4096 629 4171 γῆς
652 4088 708 4151 καὶ
731 4086 844 4162 οἰκίας,
875 4088 1061 4150 immunitas
1092 4087 1340 4166 exportantibus
