2900 4559
659 226 703 239 ..
753 190 881 255 56.-

242 416 360 495 laurea,
385 431 516 486 orantur
538 422 730 486 Prienenses
762 433 797 487 ut
819 422 985 505 Dionysiis
1013 421 1156 486 honores
1179 420 1300 504 procla·

243 535 332 590 ment
357 536 389 592 et
410 529 538 593 titulum
563 531 689 611 erigant
712 530 743 592 in
777 530 941 593 Minervae
968 529 1100 612 templo.
1146 528 1301 591 Eiusdem

243 634 358 697 aetatis
380 645 429 699 est
451 637 561 701 titulus
585 635 636 699 hic
660 646 761 717 atque
784 657 813 698 n.
839 636 1006 700 LXXVIII
1027 636 1205 699 secundum
1240 636 1302 697 edi·

240 748 355 808 torem.

349 852 479 917 LXXX.
504 852 641 915 Newton
664 850 717 913 Ill
741 853 856 932 μαψ)
903 849 1023 914 Civitas
1038 848 1173 913 Aeolica
1190 848 1304 911 laudat

243 957 433 1023 Prienenses
457 968 490 1023 et
513 958 615 1021 donat
645 978 766 1021 corona
797 958 840 1021 ob
875 958 992 1021 missos
1026 978 1126 1021 unum
1162 957 1303 1020 iudicem

241 1074 274 1127 et
319 1086 418 1129 unum
464 1066 612 1131 scribam.
671 1065 771 1129 ludici
817 1065 1000 1127 tribuuntur
1047 1065 1125 1140 laus,
1175 1065 1302 1141 civitas,

242 1170 394 1249 εἴσπλους
422 1183 455 1238 et
483 1170 624 1256 Iynlovc
657 1192 738 1255 pace
761 1171 920 1253 belloque,
952 1171 1057 1234 aditus
1080 1171 1121 1233 ad
1153 1181 1304 1234 senatum

242 1280 474 1362 populumque,
521 1279 646 1343 scribae
684 1278 753 1341 laus
800 1278 910 1341 civitas
956 1287 989 1342 et
1025 1298 1145 1352 corona
1183 1278 1302 1342 laurea.

243 1368 414 1452 Nuntiatur
437 1388 603 1452 decretum
626 1385 791 1467 Dionysiis
813 1393 847 1449 et
865 1386 1001 1448 mittitur
1016 1386 1159 1448 Prienen.
1205 1385 1303 1447 Hick-

244 1494 309 1558 sius
332 1495 442 1559 scribit
473 1493 562 1558 »the
601 1494 692 1556 date
733 1493 763 1555 is
802 1490 1006 1577 pfrobably
1044 1502 1113 1555 not
1153 1492 1304 1555 earlier

241 1601 340 1665 than
362 1601 428 1665 the
451 1602 602 1665 second
626 1610 796 1682 century
818 1598 937 1672 B.C.‹‚
962 1608 1072 1681 potest
1094 1608 1207 1663 autem
1231 1620 1302 1663 esse

243 1708 306 1771 iam
329 1709 415 1772 tertii
438 1705 565 1774 saeculi.

347 1814 489 1879 LXXXI.
513 1814 652 1887 Kenner‚
689 1814 859 1880 Sitzber.
890 1814 918 1876 d.
949 1813 990 1875 K.
1022 1812 1086 1876 Ak.
1123 1814 1154 1875 in
1188 1813 1304 1876 Wien

243 1920 379 2001 philos.
409 1921 500 1985 hist.
525 1921 581 1985 Kl.
611 1924 703 2001 1872,
736 1935 774 2000 71
801 1940 832 2001 p.
858 1932 920 1999 335
946 1939 1017 2001 sqq.
1034 1920 1227 1982 =Bechtel
1249 1942 1303 2003 ap.

241 2028 430 2091 Bezzenb.
466 2028 588 2096 Beitr.
625 2029 656 2092 V
687 2049 719 2110 p.
749 2044 808 2090 112
833 2046 880 2106 sq.
906 2047 935 2089 n.
963 2043 980 2106 3
1006 2035 1040 2089 et
1062 2046 1111 2110 ap.
1137 2026 1251 2090 Collitz
1273 2051 1304 2090 n.

246 2148 307 2215 215
333 2162 376 2191 x
399 2134 506 2199 Cauer
528 2152 609 2220 4313
633 2136 772 2215 scriptus
788 2142 839 2197 est
854 2131 909 2196 hic
923 2132 1035 2196 titulus
1050 2152 1096 2196 ca.
1114 2148 1301 2214 zon-150.

246 2242 433 2323 Mytilenaei
461 2243 625 2307 civitatem
648 2240 901 2324 Erythraeorum
928 2239 1061 2303 laudant
1083 2252 1308 2323 coronantque

246 2368 367 2413 corona
379 2369 477 2413 aurea
487 2350 532 2413 ob
548 2351 664 2413 missos
679 2349 763 2412 duos
778 2348 909 2422 iudices,
927 2366 1025 2410 unum
1042 2347 1190 2423 scribam,
1204 2369 1308 2413 unum

244 2455 499 2539 dicastagogum,
511 2458 567 2540 qui
579 2478 693 2521 causas
702 2454 861 2520 diluerant
870 2464 906 2517 et
913 2455 1179 2532 diiudicaverant3
1189 2458 1306 2520 eadem

244 2563 390 2628 tribuunt
400 2564 567 2639 iudicibus,
581 2564 716 2638 scribae,
730 2564 953 2642 dicastagogo,
964 2572 1132 2644 praeterea
1143 2565 1307 2629 iudicibus

245 2690 360 2735 cenam
376 2671 408 2733 in
424 2680 591 2753 prytaneo,
617 2670 817 2754 proxeniam,
834 2668 1007 2743 civitatem,
1031 2670 1155 2734 scribae
1171 2681 1205 2735 et
1221 2673 1306 2735 dica-

245 2787 387 2859 stagogo
419 2798 542 2845 cenam.
589 2778 711 2842 Civitas
745 2774 1000 2857 Erythraeorum
1031 2786 1149 2851 oratur,
1174 2788 1209 2842 ut
1239 2780 1306 2843 hoc

251 2884 416 2948 decretum
440 2885 529 2967 apud
551 2906 587 2948 se
610 2894 774 2968 proponat
795 2884 828 2945 in
850 2881 923 2946 loco
946 2884 1132 2965 conspicuo.

351 2991 511 3055 LXXXII.
547 2990 655 3055 Christ
691 3010 747 3074 pp.
791 3002 854 3068 252
894 3008 966 3072 sqq.
1003 3018 1046 3045 =
1081 2991 1215 3055 Bechtel
1249 3013 1302 3073 ap.

245 3098 448 3165 Bezzenb.
472 3097 596 3164 Beitr.
613 3098 646 3163 V
672 3110 732 3178 157
755 3118 785 3161 n.
807 3110 844 3177 57
869 3104 902 3158 et
924 3115 978 3175 ap.
994 3095 1107 3159 Collitz
1121 3117 1152 3164 n.
1167 3112 1233 3179 305
1259 3130 1304 3157 =

355 3290 387 3363 ⁸⁹)
407 3294 517 3344 Maxime
541 3295 615 3344 miror
638 3295 707 3360 quod
732 3295 766 3347 H.
791 3294 926 3345 dialectum
964 3296 1094 3347 Aeolicam
1124 3297 1222 3346 sustulit
1244 3313 1304 3360 v‚4

245 3391 355 3436 correcto
380 3382 476 3445 καλοίς
499 3383 526 3434 in
548 3383 650 3446 καλοὺς
675 3391 699 3434 et
716 3401 739 3435 v.
760 3396 794 3431 20
819 3400 971 3449 quamquam
996 3386 1051 3451 ipse
1074 3385 1184 3450 lapicida
1209 3401 1224 3436 υ
1250 3388 1276 3437 in
1296 3404 1305 3437 ι

247 3474 351 3524 mutavit
374 3479 458 3523 tamen
477 3487 491 3522 u
512 3472 629 3533 restituit;
655 3473 700 3523 sed
724 3472 774 3522 hoc
800 3473 881 3522 debeo
905 3473 1098 3524 Wilamowitaio
1125 3475 1208 3539 priori.
1245 3476 1305 3541 ipse

244 3563 303 3627 lego
320 3578 360 3613 vv.
374 3559 444 3611 6-8
463 3559 611 3629 ἐ]ααινέσαι
629 3562 659 3612 δὲ
677 3562 723 3612 καί
741 3563 786 3612 τὸν
805 3562 931 3612 denuncio}
951 3560 1119 3632 Ζηνόδοτ[ον1
1141 3566 1181 3615 ὅτι
1199 3566 1305 3615 συνέλα-

245 3648 301 3717 σιν]
310 3650 388 3713 ἀξίως
397 3653 446 3712 τίς
455 3650 664 3716 ίγχειρισθιίσας
675 3651 746 3701 αὐτῶ
753 3647 873 3719 πίατ[ιοςί
882 3653 937 3714 ταίς
949 3651 1102 3720 avetaque
1114 3653 1155 3704 vel
1167 3655 1304 3718 ἐναντίοις,

245 3740 459 3804 ἐναντιουμένοις,
492 3754 552 3789 nam
579 3740 647 3805 quod
671 3740 775 3805 praebet
805 3739 935 3789 HIclrsius:
967 3740 1136 3810 Ζηνὸδοτ[ονΙ
1157 3744 1306 3794 δικάσαντα

245 3826 303 3895 μὲν]
330 3828 409 3891 ἀξίως
426 3832 530 3891 ταῖς...
548 3824 679 3897 alodem}
701 3830 829 3892 κρίναντα
848 3826 887 3895 δὲ]
907 3829 969 3893 τοὺς
987 3832 1059 3881 κατὰ
1077 3832 1125 3897 τὴν
1151 3834 1303 3885 δικαστείαν

226 3914 324 3980 ’ὁσίως
341 3917 397 3967 lerri
422 3917 526 3967 omniuo
550 3918 636 3983 nequit
660 3918 720 3982 quia
742 3933 793 3967 uon
818 3924 863 3987 est
879 3917 1012 3971 Graecum.
1043 3902 1165 3970 'Ceterum
1191 3922 1304 3988 lapicida

246 4006 332 4058 Ionius
345 4006 480 4058 dialectum
497 4006 626 4055 Aeolicam
639 4012 769 4071 tantopere
781 4005 894 4069 mutavit,
913 4015 942 4056 ut
959 4024 1023 4073 quae
1041 4010 1153 4060 restituta
1165 4017 1225 4060 sunt
1242 4027 1303 4061 num

247 4103 314 4163 pecte
332 4112 358 4147 se
377 4096 488 4151 habeant
507 4094 699 4146 discernendum
718 4109 770 4145 non
788 4096 820 4145 sit
837 4096 871 4147 ob
889 4097 969 4163 ipsam
988 4096 1131 4150 dialectum.
