2900 4559
577 257 799 321 ...37-

164 476 199 515 se
237 455 307 538 ipsa
344 455 515 537 proposuit
549 454 697 517 indicem.
760 451 863 515 Omisi
899 462 935 515 ut
950 497 953 505 ·
969 453 1131 515 debebam
1165 472 1220 514 eas

159 584 281 637 causas,
302 562 354 625 ubi
371 562 510 624 Romani
526 562 589 625 hac
604 562 729 627 ratione
748 561 796 623 usi
812 570 896 635 sunt,
921 562 997 642 quia
1019 561 1047 624 si
1069 562 1108 623 iis
1123 561 1220 624 oboe-

156 672 260 734 ditum
293 692 357 734 non
391 679 476 732 esset
505 660 604 731 armis
627 669 892 742 intercessissent,
923 669 984 732 sed.
1017 668 1109 732 attuli
1144 688 1219 731 meo

156 780 289 860 quidem
315 780 382 841 iure
421 797 473 842 nn.
519 776 574 849 IV,
616 776 735 849 XXIV,
773 776 889 839 XXXI.
952 776 1079 839 Causae
1126 776 1219 840 inter-

156 886 305 949 veniendi
329 886 435 948 variae
459 884 557 947 fuisse
581 893 718 966 possunt
748 884 818 946 sive
852 884 993 948 amicitia
1027 884 1095 945 sive
1130 883 1217 962 quod
1328 959 1332 964 ᾖ

157 1002 228 1059 erat
251 1014 326 1057 ere
350 993 465 1055 tertiae
489 990 634 1053 civitatis.
682 990 837 1055 Civitates
870 1012 955 1073 quae
980 1000 1093 1055 oratae
1116 998 1217 1063 erant,

154 1109 192 1164 ut
215 1102 440 1173 discernerent,
478 1120 638 1181 nusquam
667 1099 849 1162 abnuerunt
887 1108 1044 1180 quantum
1080 1097 1216 1172 scimus;

156 1229 278 1290 magno
295 1209 394 1289 igitur
408 1208 446 1271 iis
461 1208 587 1270 videtur
602 1206 717 1269 honori
735 1205 833 1268 fuisse
848 1206 937 1287 quod
955 1206 1073 1285 dignae
1087 1205 1218 1267 habitae

156 1326 241 1390 sunt,
267 1325 302 1379 ut
327 1316 444 1377 nostris
479 1334 610 1396 quoque
645 1313 680 1378 fit
715 1314 929 1396 temporibus,
968 1333 1074 1393 neque
1108 1320 1218 1373 tamen

155 1442 285 1505 semper
315 1423 404 1505 ipsae
435 1422 623 1485 deciderunt
652 1422 711 1486 sed
745 1442 814 1485 rem
843 1422 886 1484 ad
914 1420 998 1483 alias
1036 1419 1218 1483 detulerunt
1306 1440 1310 1448 ·

153 1528 193 1591 cI.
213 1551 241 1592 n.
260 1529 500 1605 XLVIII—LI;
525 1530 713 1593 addendum
736 1539 845 1593 autem
869 1537 918 1592 est
940 1528 1004 1591 hoc
1024 1528 1129 1591 Iacere
1152 1546 1217 1589 non

153 1638 301 1715 potuisse
336 1637 396 1697 nisi
431 1637 566 1719 imperia
601 1646 658 1699 aut
692 1638 872 1701 societates.
919 1636 1018 1698 Haud
1052 1654 1123 1697 raro
1158 1632 1216 1695 liti-

153 1753 270 1823 gantes
293 1745 334 1805 ad
358 1744 517 1825 populum
541 1746 681 1808 iudicem
712 1765 748 1807 se
776 1745 981 1807 contulerunt
1004 1742 1044 1809 cI.
1069 1762 1122 1807 nn.
1146 1740 1215 1814 XII,

152 1850 240 1923 XIX,
280 1851 397 1924 XXIV,
434 1852 485 1925 LI,
525 1853 606 1927 LIII,
648 1853 738 1932 quod
776 1873 833 1915 cur
869 1852 990 1915 Iactum
1027 1849 1069 1911 sit
1088 1847 1217 1928 [partim

152 1966 409 2022 consentaneum
441 1969 490 2023 est
519 1969 555 2021 ut
585 1982 615 2023 n.
649 1960 716 2022 XII.
766 1960 899 2041 Syndici
930 1979 958 2021 n.
984 1958 1044 2021 XII
1076 1976 1216 2018 comme-

153 2074 332 2129 morantur.
380 2065 409 2129 E
438 2068 600 2129 contrario
636 2068 825 2147 saepissime
857 2067 978 2129 iudices
1008 2063 1051 2126 ab
1081 2072 1217 2126 externo

152 2171 279 2254 populo
303 2174 445 2235 arcessiti
469 2183 554 2249 sunt,
579 2175 613 2237 id
636 2175 727 2256 quod
756 2174 904 2236 maxime.
928 2172 1053 2244 accidit,
1086 2172 1115 2233 si
1141 2190 1215 2251 age·

153 2280 250 2343 batur
284 2279 325 2341 de
362 2279 480 2344 finibus
512 2282 730 2345 terminandis.
782 2281 901 2345 Utrum
935 2279 1058 2341 iudices
1090 2280 1216 2341 externi

152 2390 314 2452 interdum
353 2388 496 2451 iudicum
536 2390 792 2452 domesticorum
830 2405 965 2449 numero
1003 2386 1107 2449 additi
1152 2385 1216 2447 sint

153 2517 266 2570 necne,
282 2496 387 2559 dIrimi
411 2498 530 2579 nequit.
578 2496 658 2561 Plut.
683 2496 724 2557 de
749 2516 812 2559 am.
829 2494 909 2575 prol.
928 2514 959 2573 p.
979 2510 1043 2572 493
1068 2494 1100 2556 Α
1116 2491 1216 2555 habet

154 2602 312 2689 ἔκκλητοι
344 2606 464 2689 κρίσεις
487 2606 541 2668 καὶ
572 2609 710 2687 ξενικῶν
742 2603 963 2687 δικαστηρίων
993 2599 1119 2683 ἀγωγαί
1147 2616 1215 2675 τοῖς

146 2703 279 2798 Ἕλλησι
307 2712 347 2777 τὸ
376 2720 511 2795 πρῶτον
546 2707 682 2798 ἀπιστίᾳ
710 2714 753 2792 τη
780 2709 864 2794 πρὸς
894 2707 1057 2792 ἀλλήλους
1085 2708 1216 2793 ἐπενοή-

153 2826 263 2905 θησαν
303 2817 476 2903 ἀλλοτρίας
515 2814 721 2903 δικαιοσύνης
747 2806 859 2903 ’ὥσπερ
889 2813 1000 2901 ἑτέρου
1028 2816 1118 2892 τινὸς
1147 2824 1216 2882 τῶν

155 2924 347 3011 ἀναγκαίων
391 2926 434 3011 μὴ
472 2925 637 3009 φυομένου
674 2922 753 3009 παρ’
790 2922 903 3002 αὐτοῖς
941 2925 1115 3010 δεηθεῖσιν.
1153 2913 1216 3010 Ἆρ’

154 3027 215 3099 οὖν
249 3036 306 3098 καί
336 3032 366 3099 οἱ
396 3032 571 3115 φιλόσοφοι
603 3040 672 3098 τῶν
698 3030 943 3117 προβλημάτων
972 3029 1042 3096 ἐ’νια
1070 3030 1124 3096 διὰ
1154 3031 1216 3110 τὰς

156 3141 238 3225 πρὸς
269 3138 432 3224 ἀλλήλους
463 3138 622 3222 διαφορὰς
658 3138 710 3203 ἐπὶ
745 3140 808 3223 την
842 3146 912 3203 τῶν
945 3136 1079 3222 ἀλόγων
1113 3138 1216 3220 φύσιν

156 3241 256 3331 ζῴων
301 3236 413 3331 ὥσπερ
450 3244 641 3330 ἀλλοδαπὴν
679 3246 779 3311 πόλιν
816 3246 1033 3312 ἐκκαλοῦνται
1063 3249 1119 3312 καὶ
1140 3261 1216 3323 τοῖς

155 3353 291 3419 ἐκείνων
329 3353 451 3419 πάθεσι
489 3355 543 3418 καὶ
582 3351 697 3436 ἤθεσιν
725 3343 772 3429 ὡς
802 3350 1030 3429 ἀνεντεύκτοις
1060 3356 1115 3418 καὶ
1146 3351 1215 3419 ἀσε-

155 3461 289 3537 κάστοις
317 3460 424 3540 ἐφιᾶσι
456 3459 518 3544 τὴν
547 3462 664 3543 κρίσιν,
689 3480 794 3540 neque
817 3480 893 3522 vero
915 3470 998 3540 puto
1028 3483 1103 3524 eum
1127 3463 1213 3541 cogi·

155 3578 241 3633 tasse
268 3568 331 3631 hoc
360 3588 488 3650 semper
517 3569 561 3629 ob
585 3564 742 3631 ἀπιστίαν
765 3566 886 3629 sactum
909 3588 988 3638 esse,
1015 3569 1116 3631 immo
1139 3588 1214 3630 eum

157 3696 302 3755 premere
325 3675 465 3738 voluisse
489 3674 695 3759 τὸπρῶτον.
741 3674 844 3736 Nimis
866 3694 965 3755 parva
988 3673 1105 3737 fiducia
1127 3684 1214 3738 certe

156 3783 239 3845 haud
265 3803 335 3845 raro
360 3802 456 3843 causa
479 3781 548 3859 fuit,
573 3782 630 3843 sed
654 3782 784 3861 saepius
816 3781 987 3843 adversarii
1011 3782 1214 3845 existimasse

157 3891 307 3952 censendi
329 3899 404 3951 sunt
427 3910 462 3951 se
486 3909 649 3971 nunqnam
667 3888 845 3951 concordes
862 3887 938 3950 sore.
986 3887 1034 3950 Ita
1053 3889 1215 3949 censuisse

156 4006 282 4059 veteres
313 3998 387 4059 inde
411 3997 523 4069 elucet,
550 3996 638 4075 quod
673 3996 803 4078 saepius
837 3995 912 4057 viris
947 3996 1051 4059 doctis
1085 3994 1215 4058 alterius
1314 4037 1316 4040 -

155 4104 292 4167 civitatis
322 4124 373 4167 res
396 4103 504 4167 delata
528 4113 577 4165 est
610 4103 649 4165 cf.
676 4123 708 4183 p.
738 4119 775 4181 13
800 4104 875 4169 adn.
900 4122 931 4185 9.
986 4103 1147 4185 Equidem
1180 4112 1217 4167 ut
