2900 4559
546 256 766 323 -n-
1041 198 1053 228 '

129 462 162 515 et
185 397 434 537 importantibus
458 473 539 534 pace
569 453 730 536 belloque,
761 452 939 515 collocatur
967 452 1133 514 decretum
1158 452 1189 515 in

126 560 268 642 publicu,
294 561 389 625 datur
412 562 540 624 arbitris
563 561 801 643 apographum.
847 560 1016 622 Praeterea
1034 580 1188 622 nonnum·

125 686 224 747 quam
248 668 373 742 civitae
399 687 483 751 quae
510 670 641 731 miserat
665 688 731 742 eos,
768 666 918 730 laudatur
952 676 984 728 et
1002 676 1188 749 coronatur;

126 794 156 835 n.
187 774 330 839 XXXIV
357 776 568 856 magistratus
603 775 776 838 laudantur
806 784 933 855 praeter
962 774 1127 836 civitatem
1158 784 1190 836 et

127 881 258 944 indices.
305 882 438 946 Scribae
473 904 604 965 quoque
633 882 812 945 honoribus
842 880 931 962 digni
963 880 1065 943 habiti
1103 890 1186 945 sunt.

126 986 235 1051 Semel
258 988 417 1052 iudicibus
446 991 642 1069 permittitur
673 998 797 1052 statuas
821 1008 943 1071 ponere
976 989 1008 1049 in
1040 989 1130 1061 urbe,
1156 988 1187 1049 In

125 1116 190 1177 qua
212 1096 433 1159 iudicaverunt
457 1099 500 1181 (n.
524 1097 713 1181 XXXVIII.)

231 1221 328 1285 Haud
351 1242 422 1284 raro
446 1224 562 1286 iterum
585 1222 626 1285 de
650 1223 766 1285 eadem
790 1242 824 1284 re
847 1221 1010 1284 discordia
1043 1231 1115 1283 orta
1139 1230 1188 1283 est

124 1338 274 1409 tempore
298 1328 406 1411 aliquo
430 1330 612 1393 Intermissa
641 1339 741 1409 atque
771 1329 882 1391 similis
912 1329 1076 1391 iudicandi
1107 1330 1188 1391 ratio

123 1436 282 1517 adoptata
321 1446 379 1509 est,
421 1437 570 1517 exempla
609 1436 707 1498 assero
754 1434 883 1498 Samios
919 1446 951 1498 et
988 1436 1186 1509 Prienenses,

123 1542 306 1605 Messenios
327 1551 362 1605 et
384 1544 669 1606 Lacedaemonios.
717 1544 800 1623 Ipsis
822 1544 979 1605 Romanis
1001 1543 1128 1616 accidit,
1152 1528 1188 1605 ut

122 1669 201 1711 cum
236 1651 277 1712 de
310 1650 576 1713 Melitaecnsibus
605 1660 638 1712 et
670 1649 956 1712 Narthaciensibus
991 1650 1188 1712 iudicassent

123 1754 179 1838 (cs.
205 1777 233 1817 n.
252 1757 410 1842 XXVIII),
442 1758 484 1821 ad
503 1758 583 1821 alios
598 1756 720 1820 iudices
737 1766 984 1837 provocaretur;
1007 1757 1035 1818 si
1050 1754 1187 1819 Graecia

121 1872 196 1925 tum
219 1864 283 1927 iam
307 1863 418 1928 fuisset
442 1866 613 1945 provinsia,
632 1874 718 1927 certe
734 1866 820 1944 passi
835 1884 902 1926 non
919 1874 1035 1931 essent.
1081 1864 1187 1942 Magis

123 1970 243 2033 mirum
269 1990 321 2033 me
344 1971 453 2047 habet,
479 1970 567 2052 quod
591 1972 633 2035 ab
657 1973 773 2033 iisdem
795 1972 980 2034 civitatibus
1002 1971 1043 2032 de
1071 1971 1186 2033 eadem

121 2097 159 2139 re
184 2077 365 2141 rixantibus
384 2079 500 2142 eadem
516 2079 637 2152 civitae
663 2088 698 2141 ut
721 2080 844 2142 iudices
866 2086 997 2150 crearet,
1022 2087 1114 2140 orata
1137 2086 1187 2139 est

121 2203 177 2248 nn.
202 2184 326 2248 XXXV
351 2195 384 2249 et
406 2186 555 2252 XXXVI.
602 2186 706 2249 Aliter
729 2186 800 2248 Elei
823 2206 857 2248 se
889 2195 1059 2265 gesserunt
1081 2184 1184 2246 Thuc.

121 2292 155 2355 V
182 2308 217 2369 31
247 2296 289 2372 (n.
315 2292 438 2375 XLV)3
468 2310 542 2355 curn
576 2294 661 2356 enIm
685 2313 754 2355 rem
776 2314 868 2356 suam
894 2293 977 2354 male
1000 2302 1186 2355 eventuram

120 2418 197 2461 esse
212 2400 458 2481 suspicarentur,
475 2402 584 2463 subito
601 2409 813 2474 recesserunt,
837 2400 1073 2482 Lepreatarum
1087 2419 1186 2479 agros

119 2515 339 2581 vastaverunt,
364 2508 409 2569 sic
441 2507 582 2570 iudicum
607 2527 646 2570 ne
670 2508 819 2600 ederetur
834 2507 963 2569 efficere
982 2507 1184 2574 studuerunt.

121 2612 193 2677 Sed
216 2613 468 2677 Lacedaemonii
491 2614 644 2677 iudicium
669 2632 803 2676 munere
820 2634 855 2675 se
871 2635 937 2676 non
952 2613 1186 2677 abdicaverunt

117 2719 346 2809 et'Lepreatas
361 2721 524 2800 praesidio
547 2720 769 2784 defenderunt.
816 2722 859 2783 Et
882 2722 1030 2783 Thebani
1053 2721 1095 2802 (n.
1125 2721 1185 2801 IV)

118 2836 199 2906 post
221 2828 374 2889 iudicium
399 2829 521 2893 editum
553 2829 660 2891 statim
685 2830 716 2890 id
748 2848 813 2891 non
845 2837 995 2890 curantes
1027 2828 1058 2890 in
1082 2828 1183 2891 Athe·

118 2935 250 2997 nienses
273 2935 431 3016 impetum
455 2935 606 2999 fecerunt
655 2936 741 3016 Quin
766 2935 817 2997 alii
840 2956 881 2997 eo
897 2954 1000 3015 usque
1021 2953 1185 3014 processe-

117 3051 204 3113 runt,
229 3051 264 3104 ut
287 3042 365 3123 ipsis
388 3043 515 3105 arbitris
529 3043 651 3106 inimici
667 3042 790 3118 fierent,
814 3044 859 3105 ita
882 3063 910 3104 n.
926 3043 941 3103 I
956 3042 1185 3105 Chalcidenses

117 3150 230 3211 Pariis,

546 3260 757 3269 -.----

377 3369 513 3452 Partis
546 3370 718 3452 alterius
750 3394 841 3475 cap.
878 3372 925 3450 A.

224 3557 388 3639 Quoniam
413 3560 630 3632 disseruimus
654 3579 718 3641 qua
742 3559 868 3621 ratione
891 3578 1008 3621 causae
1031 3559 1182 3640 publicae

115 3668 200 3729 inter
224 3666 305 3729 duas
328 3667 474 3729 civitates
496 3667 539 3729 ab
562 3666 702 3741 externis
726 3666 884 3729 Iudicibus
907 3666 957 3739 ad,
981 3665 1079 3727 finem
1111 3686 1181 3746 per-

114 3775 235 3837 ductae
258 3773 331 3845 sint,
356 3773 421 3835 iam
445 3772 671 3853 aggrediamur
695 3792 809 3835 causas
839 3772 980 3855 privatas
1010 3781 1043 3835 et
1071 3793 1141 3854 cap.
1167 3774 1181 3834 I

112 3889 295 3943 tractemus
317 3900 382 3951 eas,
415 3900 499 3961 quae
530 3889 621 3942 erant
651 3879 838 3943 hominibus
862 3880 916 3961 qui
941 3899 1005 3941 non
1035 3880 1179 3941 eiusdem

113 3996 208 4051 erant
238 3987 385 4057 civitatis,
416 4006 487 4067 cap.
519 3987 546 4049 II
574 4007 629 4049 eas
664 4007 750 4069 quae
784 3994 875 4050 erant
908 3986 1056 4049 eiusdem
1091 3988 1181 4051 urbis

112 4095 240 4159 civibus
263 4095 345 4156 inter
368 4113 413 4165 se.
