2900 4559
558 290 774 349 „33-

136 490 190 545 est.
237 481 365 543 ludices
389 490 446 543 aut
468 469 535 545 soli'
550 481 734 544 iudicavere
756 491 812 544 aut
834 482 994 545 iudicibus
1010 480 1198 544 domesticis

134 588 236 651 additi
267 598 344 651 sunt
373 596 407 651 ut
436 608 466 652 n.
481 588 566 656 LVl.
615 586 681 652 Sed
711 588 805 651 valde
835 588 962 662 dubito,
991 609 1069 653 num
1098 589 1197 651 etiam

136 696 177 757 ad
200 716 315 758 causas
338 696 433 759 unius
456 695 593 759 civitatis
622 696 820 759 dirimendas
848 704 977 778 praeter
1009 696 1198 778 peregrinos

136 803 259 865 iudices
282 803 452 866 domestici
475 802 611 866 adhibiti
634 803 706 865 sint.
752 803 837 867 Nam
861 811 951 885 patet
978 803 1023 866 ob
1046 801 1199 867 fiduciam

134 910 321 972 domesticis
337 910 496 973 iudicibus
512 930 531 971 a
546 909 675 973 civitate
687 910 841 973 seditiosa
857 912 1052 990 denegatam
1067 909 1196 973 aliunde

137 1016 274 1079 arbitros
304 1018 477 1081 arcessitos
499 1035 584 1091 esse;
617 1036 696 1098 ergo
719 1017 905 1081 incredibile
928 1026 978 1080 est
1006 1036 1081 1080 curn
1111 1036 1200 1097 pere-

137 1124 218 1204 grini
243 1125 393 1187 adessent
416 1125 539 1207 patrios
556 1142 686 1204 quoque
701 1144 776 1186 eum
793 1125 831 1187 iis
846 1124 1040 1189 sententiam
1066 1124 1200 1187 dedisse.

135 1230 243 1295 Unum
256 1251 323 1313 quo
337 1232 468 1314 probari
480 1216 581 1294 videri
595 1240 705 1314 potest
721 1232 907 1314 exemplum
923 1232 1045 1295 iudices
1059 1232 1199 1314 peregri·

136 1358 194 1401 nos
225 1339 385 1401 interdurn
413 1340 525 1421 patriis
553 1339 683 1401 additos
713 1358 784 1404 esse
820 1347 928 1402 exstat
958 1337 995 1405 C.
1015 1339 1041 1419 J.
1058 1337 1097 1401 G.
1115 1339 1200 1418 3568

136 1443 153 1508 l.
165 1463 250 1523 v.·24
266 1449 308 1528 (n.
325 1446 371 1527 C).
407 1445 506 1527 Quod
530 1447 554 1507 si
579 1445 762 1509 Boeckhius
777 1446 945 1509 annotavit
960 1448 1002 1509 ad
1024 1442 1107 1529 μετὰ
1130 1451 1200 1510 τῶν

137 1552 364 1617 συνδικαστῶν
385 1575 414 1615 v.
434 1570 477 1630 24
504 1562 563 1615 aut
580 1552 778 1633 ,complures
808 1555 841 1615 in
871 1553 985 1617 eadem
1016 1572 1114 1617 causa
1146 1565 1201 1615 aut

137 1661 281 1742 singulos
305 1661 479 1743 seperatim
510 1660 676 1734 iudicasse,
708 1661 772 1725 hoc
801 1682 868 1724 non
894 1661 993 1723 credo
1024 1660 1100 1740 quia
1129 1668 1200 1722 tum

138 1776 225 1830 certe
249 1788 315 1829 non
340 1776 447 1831 essent
470 1768 628 1831 nominati
653 1768 875 1841 συνδικασταὶ,
900 1768 976 1831 illud
1000 1766 1201 1831 verisimilius

137 1884 193 1937 est.
242 1874 309 1938 Sed
333 1896 375 1936 ex
398 1874 450 1937 illo
480 1875 612 1938 decreto
635 1875 667 1936 id
691 1895 791 1938 unum
820 1874 956 1938 elficitur
979 1874 1148 1947 Peltenios‚
1172 1873 1199 1935 si

136 1982 237 2045 iudex
253 1982 305 2043 ille
320 1983 521 2045 Antandrius
537 1992 717 2045 recusasset
734 2004 774 2047 ne
791 1984 889 2046 etiam
904 1991 1021 2064 postea
1044 1981 1201 2045 iudicaret

136 2110 235 2171 quam
263 2092 338 2153 novi
369 2090 578 2169 magistratus
608 2091 706 2153 creati
737 2098 854 2163 essent,
878 2098 949 2151 tum
972 2109 1033 2152 suo
1057 2090 1201 2171 ipsorum

137 2197 287 2260 tribunali
323 2216 435 2260 reeens
470 2206 582 2259 creato
611 2206 784 2259 contentos
815 2200 940 2286 tuturos
974 2194 1088 2270 fuisse;
1124 2215 1199 2258 nam

141 2304 239 2367 iudex
270 2304 322 2366 ille
353 2305 459 2383 primo
488 2313 638 2385 tempore
669 2323 734 2365 non
758 2302 873 2365 habuit
896 2301 1123 2378 συνδικαστάς,
1146 2301 1205 2364 sed

139 2411 283 2491 collegae
308 2412 336 2473 ei
360 2420 429 2474 turn
456 2412 587 2474 demum
612 2411 715 2473 additi
740 2419 831 2473 erant
853 2430 928 2474 cum
952 2410 1076 2497 exactis
1099 2410 1136 2472 iis
1159 2409 1203 2472 ad

140 2538 219 2597 quas
229 2519 424 2581 dirimendas
436 2527 572 2583 vocatus
582 2527 651 2580 erat
664 2517 769 2579 causis
778 2536 881 2579 novas
893 2517 990 2580 etiam
998 2517 1203 2597 suscepisset.

141 2624 283 2687 Omnino
306 2646 389 2708 quae
405 2624 599 2687 Plutarchus
616 2625 657 2687 de
673 2645 736 2686 am.
748 2623 828 2703 prol.
843 2623 967 2704 profert
982 2623 1025 2685 de
1040 2624 1078 2686 iis
1094 2624 1199 2685 causis

142 2753 220 2813 quas
245 2734 276 2794 in
301 2742 393 2814 parte
417 2733 524 2813 priore
548 2731 683 2794 tractavi
708 2730 759 2811 (cf.
771 2751 803 2811 p.
820 2733 873 2814 37)
903 2730 945 2793 ad
968 2730 1052 2793 hanc
1076 2739 1202 2811 partem

142 2840 242 2901 multo
278 2841 381 2919 magis
415 2840 564 2901 videntur
594 2837 761 2918 quadrare.
813 2836 883 2900 Viri
914 2837 1141 2917 sapientissimi
1171 2845 1204 2899 et

142 2947 304 3009 iustissimi
323 2948 411 3028 digni
434 2946 536 3009 habiti
560 2955 634 3008 sunt
652 2946 706 3023 qui
731 2944 910 3006 iudicarent
934 2953 969 3006 ut
984 2943 1156 3023 Pelopidas
1173 2963 1203 3010 n.

143 3053 270 3119 LXXll.
317 3054 399 3116 Eam
430 3054 472 3115 ob
508 3073 575 3115 rem
609 3052 738 3132 saepius
768 3049 935 3113 oraculum
961 3050 1158 3132 Delphicum
1167 3053 1205 3127 ⁵¹)

144 3162 326 3224 consultum
351 3182 422 3223 esse
444 3159 672 3223 adnotavimus
696 3179 727 3240 p.
750 3169 788 3236 52
813 3159 885 3220 adn.
903 3171 945 3236 27
970 3177 1076 3238 neque
1091 3166 1204 3218 tamen

142 3279 218 3350 post
229 3285 290 3347 441
302 3269 347 3331 ob
359 3267 458 3331 fidem
471 3265 590 3329 oraculi
604 3266 745 3329 maxime
759 3265 958 3328 deminutam
972 3282 1079 3345 neque
1087 3264 1204 3325 mirum

145 3396 352 3403 --.-—-...-—.----

253 3446 284 3514 ⁵¹)
306 3450 384 3497 Meier
407 3465 432 3513 p.
453 3457 485 3508 37
511 3446 595 3497 scribit
631 3445 715 3495 »Auck
739 3444 794 3507 auf
811 3444 854 3492 das
878 3443 1009 3506 delphirchc
1035 3441 1127 3490 Orakel
1148 3456 1208 3504 mag

144 3540 209 3603 infler
227 3538 430 3601 corripromitliert
447 3536 546 3585 worden
565 3536 625 3595 sein,
644 3534 754 3597 armiger
771 3548 841 3581 zwar
858 3549 907 3581 von
927 3532 1063 3580 Einzelnen
1083 3530 1140 3577 und
1154 3528 1208 3577 hier

144 3630 209 3677 ruehl
225 3644 279 3676 nur
296 3644 344 3677 von
363 3626 543 3690 hochgestellten
556 3624 680 3673 Personen
699 3639 720 3673 a.
732 3621 762 3671 B.
774 3622 864 3670 Medon
881 3621 940 3669 und
955 3621 1065 3670 Neleus.
1079 3656 1131 3679 .,.,
1150 3618 1208 3665 aber

145 3734 193 3767 von
213 3720 399 3775 Stwten....;
425 3716 476 3763 hoc
491 3714 555 3763 nibil
573 3720 618 3763 est.
654 3712 720 3763 Nam
740 3714 761 3762 si
778 3711 912 3776 litigabant
935 3710 1002 3759 cives
1024 3710 1052 3757 in
1076 3724 1128 3758 nna
1150 3707 1208 3756 eivi-

146 3818 203 3872 tate‚
231 3809 312 3873 patria
336 3805 471 3855 tribunalia
494 3802 611 3853 adeunda
637 3802 667 3853 iis
691 3809 770 3863 erant,
794 3801 833 3849 sin
856 3800 921 3850 cives
946 3799 1052 3847 duarum
1070 3798 1207 3856 civitatum,

148 3902 199 3951 ἀπὸ
219 3897 353 3963 συμβόλων
373 3911 448 3945 causa
467 3901 519 3941 erat
546 3892 697 3943 instruenda.
735 3890 783 3939 Cui
811 3897 895 3939 autem
919 3888 1038 3937 tribunali
1062 3887 1155 3935 Medon
1184 3891 1209 3933 et

147 3991 241 4041 Neleus
258 4005 309 4038 rem
330 3985 453 4034 deferrent
471 3984 518 4031 nisi
544 3981 646 4030 oraculo
665 3980 807 4044 Delphico?
845 3979 975 4028 Praeterea
1002 3977 1082 4025 Meier
1107 3989 1208 4023 causam

149 4079 274 4127 Medontis
294 4084 318 4125 et
338 4074 409 4124 Nelel
431 4072 493 4120 salso
513 4072 639 4120 subiunxit
657 4070 740 4117 causis
759 4085 774 4116 a
792 4083 818 4117 se
837 4067 946 4116 tractatis
964 4082 1027 4130 quas
1039 4059 1087 4129 ego
1099 4066 1126 4112 in
1139 4069 1209 4128 parte

147 4171 226 4234 priore
244 4168 319 4217 huius
338 4162 451 4229 opusculi
471 4160 582 4212 tractavi.

1068 4240 1101 4298 6*
