2900 4559
543 302 786 365 —113—

130 507 144 573 5
154 507 170 573 5
199 493 246 576 (C.
259 495 286 575 J.
303 497 343 558 A.
361 496 389 557 II
407 499 470 575 308
486 524 529 551 =
547 518 575 562 n.
590 497 661 580 LV)
677 518 707 563 ν,
725 514 762 559 12
780 507 916 562 annotat
943 522 1013 563 »wo
1037 495 1199 583 ἔκκλητον

126 602 215 665 nach
238 603 323 666 Plut.
342 615 391 685 ap.
417 604 491 667 Lac.
516 622 576 685 215
599 604 708 669 sicher
731 607 786 683 ist,
810 608 879 669 und
898 628 933 669 so
956 608 1089 670 werden
1113 608 1196 670 auch

126 709 256 774 Meiers
279 710 451 774 Bedenken
477 732 581 793 gegen
605 712 716 776 diesen
740 713 918 777 Ausdrucle
940 712 1106 795 beseitigt«
1141 711 1192 794 (cf.

124 815 226 877 etIam
255 814 718 899 Meier-Schoemann-Lipsius
753 837 785 897 p.
811 820 876 898 998
910 818 985 884 adn.
1010 818 1099 899 651),
1139 820 1191 881 cui
1297 877 1302 889 ,

127 931 326 1001 argumento
349 907 469 985 addere
492 930 587 1003 potes
610 943 669 1003 per
692 925 758 986 va
775 925 866 988 verbi
889 920 1050 1009 έκκλητος
1073 931 1192 987 utrum-

128 1047 194 1107 que
217 1028 322 1095 licere.
368 1029 411 1093 Et
435 1030 513 1110 quid
536 1030 668 1092 interest
691 1030 774 1093 Inter
797 1040 931 1111 pactum
947 1032 980 1093 in
996 1040 1190 1114 perpetuum

129 1142 165 1197 et
209 1136 241 1197 in
289 1137 383 1199 unius
429 1156 545 1199 causae
591 1137 728 1216 gratiam
776 1137 915 1201 factum?
960 1138 1046 1201 Nihil
1083 1158 1194 1219 grave.

127 1242 243 1322 Itaque
260 1250 293 1305 et
308 1243 369 1305 hos
392 1243 502 1306 titulos
527 1252 560 1306 et
584 1242 619 1309 C.
632 1243 657 1322 J.
675 1242 716 1306 A.
733 1244 762 1305 II
786 1247 850 1323 308
867 1249 908 1327 (n.
921 1245 1002 1328 LV),
1026 1244 1105 1307 Bull.
1118 1245 1194 1307 VIII

129 1364 170 1410 22
207 1348 239 1412 Α
267 1369 296 1411 ν.
320 1353 361 1413 28
394 1350 435 1432 (n.
460 1350 572 1432 LVII),
602 1366 641 1411 22
678 1354 709 1413 B
741 1355 782 1431 (n.
806 1350 932 1437 LVIII),
963 1352 1042 1415 Ditt.
1063 1352 1125 1413 126
1149 1355 1192 1434 (n.

128 1455 240 1536 LXII),
272 1456 350 1518 Ath.
367 1456 428 1521 VII
451 1477 483 1537 p.
500 1469 553 1535 95,
585 1456 663 1519 Ditt.
684 1473 735 1538 79,
760 1457 795 1520 C.
807 1458 834 1538 J.
850 1457 891 1520 A.
908 1458 937 1520 II
963 1460 1026 1537 546
1048 1459 1192 1525 tractavi.

128 1560 161 1624 C.
175 1562 200 1643 J.
218 1563 258 1627 A.
279 1562 308 1623 II
334 1566 395 1641 308
420 1563 543 1626 miteris
575 1564 661 1643 quod
692 1564 809 1627 dicitur
838 1559 1002 1647 ἑλομένων
1030 1561 1194 1650 ἔκκλητον

130 1681 161 1734 et
183 1670 424 1750 tamenvagitur
446 1670 487 1732 de
511 1671 600 1743 urbe,
625 1691 708 1752 quae
732 1671 859 1752 eligitur
874 1690 980 1751 neque
995 1671 1075 1734 dum
1091 1672 1194 1735 electa

128 1786 185 1842 est.
235 1776 301 1840 Sed
326 1797 364 1839 ea
387 1776 499 1839 civitas
522 1778 585 1839 iam
614 1777 782 1854 iudicavit3
809 1778 919 1859 itaque
943 1779 984 1840 de
1007 1799 1046 1841 ea
1070 1788 1105 1841 ut
1128 1779 1193 1842 iam

130 1883 232 1946 electa
256 1879 415 1968 ἐκκλητος
439 1883 538 1945 etiam
562 1889 632 1945 turn
662 1884 808 1965 usurpari
838 1886 954 1964 potuit,
986 1882 1060 1948 cum
1084 1885 1190 1966 respi-

128 1991 276 2054 ciebatur
298 1991 340 2053 ad
363 1999 494 2071 tempus
523 1989 641 2052 iudicio
671 1990 893 2072 praecedens3
925 1992 1002 2054 item
1027 1992 1192 2059 Ditt.126
1281 2036 1295 2062 .

125 2098 167 2179 (n.
192 2096 295 2181 LXII)
325 2116 376 2159 res
408 2117 443 2158 se
466 2096 566 2159 habet
589 2097 628 2159 cf.
654 2095 938 2180 συνωμολόγησαν.
985 2100 1032 2162 At
1055 2100 1191 2162 omisisti

125 2204 362 2284 grammaticos.
394 2204 505 2265 Recte.
530 2201 596 2265 Sed
613 2223 670 2266 eos
686 2204 750 2265 iam
766 2204 878 2284 paucis
893 2213 1032 2269 tractare
1047 2209 1190 2269 anImum

128 2310 247 2372 induxi.
294 2310 410 2373 Pollux
433 2309 487 2373 lib.
503 2310 577 2372 VIII
601 2331 630 2392 p.
652 2323 708 2390 54:
740 2306 809 2374 ἐστι
832 2309 866 2373 δε
889 2308 925 2374 ἐκ
949 2319 1018 2376 τῶν
1048 2313 1191 2376 δικαστι-

127 2423 198 2481 κῶν
221 2414 395 2499 ὀνομάτων
417 2439 504 2500 προ,
529 2412 614 2490 ἀντ,
638 2416 691 2489 δι-,
715 2415 771 2497 ἐξ,
795 2414 866 2490 daz„
889 2412 1071 2501 όπωμοσία,
1086 2442 1189 2503 παρα·
1271 2430 1275 2440 “

127 2524 246 2607 γραφή,
277 2520 474 2605 ἀντιλαχεῖν,
498 2520 632 2606 ἐξούλης
662 2522 747 2607 δίκη,
774 2522 819 2606 μή
848 2515 930 2587 οὖσα
955 2525 1039 2609 δίκη,
1068 2523 1191 2609 ἐρήμην

128 2628 253 2710 ὀφλεῖν,
299 2628 593 2713 ἐνεπισκήψασθαι,
633 2628 840 2713 πρόςκλησις,
878 2627 995 2710 ἐφεσις,
1036 2627 1190 2715 ἐκκλητοι

128 2736 225 2813 δίκαι,
258 2733 326 2800 άπὸ
358 2735 533 2819 συμβόλων
556 2734 759 2817 δικάζεσθαι,
787 2734 962 2819 ἐμπορικαὶ
994 2736 1091 2810 δίκαι,
1122 2735 1190 2801 άτί-

126 2866 228 2928 μητος
252 2842 334 2927 δίκη,
359 2843 552 2926 διαψήφισις
568 2852 600 2905 et
616 2843 690 2905 VIII
707 2862 761 2923 pp.
774 2845 815 2906 62
840 2865 887 2926 sq.
904 2841 1012 2925 ἐφεσις
1035 2844 1071 2909 δέ
1091 2844 1190 2918 ἐστιν,

128 2944 209 3016 όταν
245 2972 296 3025 τις
332 2948 399 3013 άπὸ
434 2949 613 3034 διαιτητῶν
647 2946 666 3031 ἢ
701 2945 875 3033 ἀρχόντων
909 2948 929 3033 ἢ
958 2951 1108 3035 δημοτῶν
1136 2948 1190 3015 ἐπὶ

127 3056 288 3140 δικαστήν
322 3055 394 3139 ἐφή·
426 3054 446 3138 I)
476 3053 543 3120 οίπό
570 3058 692 3139 βουλῆς
721 3053 775 3120 ἐπὶ
803 3057 906 3141 δῆμον
936 3055 956 3140 ἢ
986 3055 1054 3122 ἀπὸ
1083 3057 1190 3140 δήμου

126 3162 180 3228 ἐπὶ
203 3163 413 3247 δικαστήριον
436 3160 455 3245 I)
479 3160 546 3227 άπὸ
569 3162 735 3226 δικαστῶν
755 3161 810 3227 ἐπὶ
823 3163 953 3246 ξενικόν
969 3163 1188 3248 δικαστήρων,

125 3268 273 3353 ἐφέσιμος
297 3259 324 3333 δ’
347 3266 533 3351 ὠνομάζετο
556 3264 577 3353 ή
600 3269 686 3353 δίκη.
716 3260 815 3333 αὗται
839 3272 894 3334 καὶ
918 3267 1069 3355 ἐκκλητοι
1103 3271 1189 3334 δίκαι

126 3374 306 3441 ἐκαλοῦντο
319 3426 413 3439 .....
459 3377 568 3457 Etym.
586 3376 652 3456 Mg.
671 3396 695 3437 S.
714 3396 742 3437 ν,
763 3373 922 3461 ἐκκλητος
944 3376 1040 3453 πόλις
1071 3376 1188 3440 habet:

120 3473 178 3547 Ἢν
206 3477 248 3547 όίν
278 3480 456 3565 ἐκκαλῆταί
486 3506 537 3557 τις
567 3478 612 3558 είς
646 3481 686 3546 τό
721 3484 903 3565 κρίνεσθαι,
938 3481 1092 3567 δηλονότι
1126 3483 1190 3567 τήν

126 3587 263 3673 πρώτην
286 3585 324 3652 οὗ
349 3586 496 3671 στέργων
520 3590 628 3672 κρίσιν
650 3582 696 3664 ὡς
724 3588 808 3673 πρὸς
837 3585 963 3671 ἐχθραν
985 3590 1144 3674 κρίνασαν
1166 3586 1187 3673 ἢ

127 3694 210 3779 πρὸς
231 3694 338 3778 χάριν.
385 3684 476 3777 Ἐξῆν
499 3694 534 3759 δὲ
556 3707 625 3770 τοῖς
648 3695 707 3778 μὲν
730 3695 833 3779 ξένοις
855 3694 1066 3760 ἐκκαλεῖσθαι
1088 3694 1190 3760 πόλιν
1211 3745 1213 3750 .

130 3796 243 3885 όλλην·
267 3812 338 3875 τοῖς
354 3800 389 3866 δὲ
405 3802 555 3876 πολίταις
570 3798 690 3867 οὐκέτι.
726 3802 818 3863 Idem
834 3800 899 3864 fere
915 3803 957 3864 ad
974 3806 1109 3865 verbum
1127 3804 1189 3868 IeX.

127 3908 241 3975 Zonar.
260 3930 290 3991 p.
303 3908 369 3986 656
381 3928 405 3974 s,
421 3929 451 3973 v.
466 3904 632 3991 ἐκκλητος.
664 3907 792 3971 Bekker
807 3909 917 3971 anecd.
932 3910 946 3970 I
969 3927 999 3988 p.
1015 3924 1078 3989 247
1101 3930 1129 3971 v.
1148 3925 1190 3988 30

128 4016 262 4095 praebet
273 4036 300 4081 S.
314 4036 344 4080 v.
358 4010 517 4099 ἐκκλητος
530 4013 646 4090 πόλις·
668 4011 758 4081 ἐστιν
770 4011 811 4098 ἣν
823 4011 1008 4080 ἐκκαλεῖταί
1022 4037 1072 4089 τις
1089 4012 1135 4089 εἰς
1151 4013 1191 4078 τό

128 4132 235 4209 κρῖναι
248 4117 342 4205 αὐτῷ
355 4116 469 4205 άγῶνά
481 4144 569 4200 τινα,
587 4120 691 4209 δῆλον
709 4115 760 4186 ότι
775 4120 910 4206 φεύγων
921 4120 983 4206 τήν
995 4118 1133 4205 πρώτην
1145 4113 1190 4198 ὡς

1066 4244 1083 4311 8
