2900 4559
536 266 759 327 ...43-

117 476 164 519 an
189 456 528 539 Privatpersonen
552 459 634 521 sich
658 478 701 521 zu
724 460 899 523 wenden.
937 461 1050 522 Aber
1072 477 1182 522 wenn

115 566 183 627 die
208 566 460 647 Ablehnung
492 567 606 629 eines
634 566 801 629 solchen
826 564 1182 630 Schiedsrichters

115 671 219 733 ohne
243 672 404 735 Gesahr
427 692 515 747 war,
543 694 588 737 so
611 673 764 737 konnte
787 675 850 737 die
873 675 1028 737 andere
1051 676 1182 737 Partei

115 780 237 843 nicht
265 778 430 860 fuglich
463 780 685 843 denselben
714 781 799 843 sich
828 782 934 844 dann
958 782 1182 855 verbitten,

115 906 233 948 wenn
256 886 323 949 aui
346 886 408 949 die
431 886 563 949 inder
580 887 1181 961 ThatsouveraneGemeinde

115 992 1180 1075 aufdcnfiihrendenStaatcompromittiertward«.

120 1100 301 1180 Elegerunt
334 1101 473 1163 Romani
509 1100 606 1164 urbes
642 1120 780 1182 magnas
806 1104 833 1164 si
862 1104 1009 1165 civitates
1044 1124 1184 1184 magnae

116 1208 281 1269 discordia
294 1209 475 1287 diremptae
483 1216 583 1281 erant,
598 1228 713 1291 parvas
723 1210 751 1272 si
759 1230 893 1293 parvae;
908 1211 1184 1292 imprimisautem

121 1335 179 1376 eas
202 1315 298 1377 urbes
323 1315 445 1377 iudices
468 1316 562 1378 datas
591 1335 662 1378 esse
690 1316 809 1397 quibus
839 1316 994 1380 favebant
1016 1319 1182 1390 Romanis,

121 1422 244 1484 docent
267 1422 346 1485 satis
369 1420 514 1503 Sicyonii
538 1424 582 1504 (n.
607 1422 792 1504 L)'quibus
816 1444 914 1505 quam
939 1424 1035 1487 amici
1059 1424 1184 1497 fuerint,

121 1528 198 1591 inde
234 1531 373 1611 perspici
408 1538 527 1613 potest,
564 1530 653 1609 quod
686 1550 774 1593 anno
802 1532 864 1607 146
899 1531 1078 1593 maximam
1113 1532 1184 1611 agri

118 1635 279 1699 Corinthii
303 1647 431 1716 partem
455 1638 492 1699 iis
516 1636 683 1701 dederunt.

227 1743 338 1806 Etiam
364 1754 398 1807 ut
421 1746 498 1806 socii
522 1744 764 1823 acquirerentur
786 1744 888 1806 Meier
910 1766 942 1827 p.
960 1761 1000 1824 43
1028 1764 1069 1807 ex
1090 1766 1119 1807 n.
1139 1745 1184 1807 IX

123 1859 214 1913 recte
238 1851 345 1914 effecit
368 1852 410 1913 ab
436 1872 499 1914 una
522 1852 654 1913 civitate
677 1850 718 1913 ad
742 1852 878 1914 alteram
895 1854 940 1914 rei
956 1852 1108 1915 iudicium
1132 1852 1184 1915 de·

118 1957 221 2019 latum
245 1976 324 2033 esse,
350 1968 395 2033 ut,
419 1960 446 2021 si
471 1959 655 2021 adversarii
668 1960 871 2039 propositum
895 1979 960 2021 non
983 1960 1187 2042 probassent,

119 2065 164 2126 ab
198 2066 278 2128 urbe
309 2074 400 2129 orata
430 2066 644 2129 adiuvaretur.
694 2066 794 2129 Haud
817 2066 1064 2129 raroadversarii
1086 2066 1187 2129 sitatis

124 2171 287 2233 iudicandi
318 2175 437 2236 modus
467 2174 655 2255 propositus
684 2182 755 2237 crat
785 2173 969 2236 abnuerunt
992 2173 1030 2236 cs.
1055 2191 1105 2236 nn.
1129 2175 1185 2246 VI,

127 2277 169 2349 X,
198 2279 281 2353 XIII,
315 2280 415 2354 XLV,
442 2300 473 2360 p.
499 2298 520 2359 9
544 2281 617 2343 adn.
646 2296 673 2344 2.
720 2280 770 2342 Ne
799 2280 903 2359 pactis
931 2280 1064 2362 quidem
1094 2281 1189 2343 certis

126 2386 320 2467 impeditum
352 2408 423 2451 esse
454 2389 628 2469 quominus
658 2386 863 2469 propositum
893 2387 1122 2469 despiceretur,
1158 2406 1187 2450 n.

126 2492 220 2555 XLV
243 2496 393 2576 docetur,
418 2495 511 2559 simul
535 2494 595 2557 illis
618 2494 697 2557 Iocis
720 2494 874 2556 discimus
888 2514 954 2557 non
974 2494 1034 2556 nisi
1051 2514 1188 2574 magnas

127 2601 276 2664 civitates
311 2623 380 2666 non
411 2604 545 2667 cessisse
574 2601 767 2665 aduersariis
794 2602 990 2680 petentibus,
1016 2610 1051 2665 ut
1078 2622 1189 2664 secum

127 2708 344 2774 conciliarent.
394 2710 492 2791 Quod
528 2730 570 2773 ex
605 2708 734 2773 saeculo
770 2708 872 2771 altero
907 2716 940 2771 et
974 2708 1079 2788 primo
1114 2708 1190 2771 talia

129 2817 279 2899 exempla
303 2819 419 2891 tradita
442 2836 508 2881 non
528 2826 611 2891 sunt,
637 2817 712 2879 inde
728 2815 841 2877 derivo
857 2816 947 2896 quod
962 2824 1033 2878 tum
1048 2816 1189 2878 Romani

127 2924 250 2987 auxilio
279 2926 386 2989 vocati
415 2936 532 2999 essent,
559 2926 612 3007 qui
637 2922 830 2987 adversariis
859 2942 933 2985 cum
963 2922 1042 2985 alias
1064 2933 1135 2985 tum
1157 2925 1190 2985 vi

127 3050 291 3093 armorum
315 3033 547 3115 persuaderent
570 3040 606 3095 ut
628 3030 806 3093 discordias
829 3029 964 3093 arbitrio
979 3030 1084 3093 alieno
1099 3031 1189 3093 seda·

128 3146 208 3201 rent.
255 3138 290 3202 Si
330 3160 412 3202 unus
443 3150 612 3204 externum
656 3138 809 3201 iudicium
844 3138 1049 3218 expetiverat
1083 3157 1190 3217 neque

128 3244 299 3307 confestim
336 3247 435 3309 altera
465 3246 562 3309 factio
591 3264 627 3307 se
642 3244 798 3308 'tribunal
828 3243 891 3308 hoc
920 3246 1084 3324 aspernari
1119 3264 1191 3327 pro-

128 3353 341 3427 nuntiaverat,
365 3354 506 3417 tribunal
529 3372 589 3432 pro
613 3360 750 3433 accepto
771 3351 922 3415 habitum
946 3362 996 3414 est
1024 3352 1190 3415 iudicavit-

129 3480 203 3541 que,
229 3460 355 3524 etiamsi
379 3459 480 3525 altera
504 3460 602 3524 factio
624 3458 741 3523 absens
764 3467 833 3521 erat
855 3456 895 3519 ci.
911 3478 963 3520 nn.
987 3458 1081 3521 XVII
1105 3467 1138 3521 et
1152 3459 1189 3525 L.

130 3567 233 3629 Meier
262 3586 304 3629 ex
336 3568 427 3634 Paus.
452 3568 513 3630 VII
548 3582 595 3641 11,
617 3568 708 3649 51(n.
734 3566 773 3647 L)
803 3563 864 3629 οὐκ
898 3562 1110 3647 ἀφικομένας
1144 3563 1191 3641 εἰς

129 3674 247 3757 καιρὸν
261 3683 322 3758 τῆς
338 3676 476 3758 κρίσεως
489 3664 671 3758 Ἀθηναίοις
686 3673 805 3758 ζημίαν
818 3672 1027 3755 πεντήκοντα
1041 3670 1191 3737 τάλαντα

128 3782 339 3862 ἐπιβάλλουσι
362 3783 525 3845 concludit
546 3781 750 3845 adversarios
773 3780 813 3842 de
836 3788 994 3859 tempore,
1018 3799 1086 3859 quo
1113 3780 1191 3840 iudi-

128 3900 266 3964 caretur,
295 3890 496 3953 consensisse
530 3899 562 3951 et
592 3908 734 3971 poenam
764 3888 920 3950 meruisse
943 3907 985 3947 ex
1007 3886 1070 3948 hoc
1093 3895 1191 3968 pacto

11 4052 12 4061 ,
130 4018 213 4073 cum,
240 3998 295 4080 qui
318 4007 467 4077 tempore
489 4005 611 4059 statuto
635 4015 701 4059 non
725 3995 862 4057 adesset.
909 3992 976 4057 Sed
1003 4011 1100 4055 nemo
1128 3993 1192 4055 hoc

131 4106 306 4189 concedet;
330 4103 384 4168 illa
399 4104 634 4186 quinquaginta
650 4102 771 4165 talenta
785 4121 851 4165 non
865 4109 942 4165 sunt
963 4100 1012 4163 vis
1033 4100 1190 4185 pecuniae
