2900 4559
673 278 895 341 ...23-

261 470 343 549 1834
368 468 456 531 hist.
476 467 567 551 phil.
586 469 642 532 Kl.
659 489 690 551 p.
710 472 729 533 8
747 480 834 535 recte
850 472 1052 536 existimasse
1068 471 1196 535 videtur
1211 489 1322 553 neque

262 576 375 639 Delios
409 595 544 639 ausuros
578 576 677 640 luisse
703 578 793 661 apud
824 579 910 641 hunc
942 600 1075 643 causam
1110 600 1207 661 agere
1242 598 1321 639 cum

258 684 514 747 Atheniensibus
538 694 571 747 et
594 704 669 747 eum
694 685 808 747 maiori
832 684 929 750 fuisse
953 688 1030 749 odio
1055 689 1118 750 iam
1138 695 1219 759 turn,
1243 704 1322 747 cum

258 791 475 856 Athenienses
491 791 593 854 insula
605 791 822 871 potiebantur,
839 813 937 875 quam
950 794 1022 876 quis
1035 794 1156 857 arbitro
1169 802 1323 856 uteretur.

258 899 363 961 Immo
386 898 559 962 Pausanias
580 898 802 963 Plistoanactis
824 899 912 971 filius.
930 910 1078 982 quatum
1093 898 1325 981 eratpotentia

257 1004 439 1085 respublica
462 1004 808 1080 Lacedaemoniorum,
833 1015 956 1070 auctori
980 1007 1171 1070 obversatus
1194 1006 1324 1069 videtur

258 1133 337 1189 esse.
385 1113 499 1191 ltaque
523 1111 708 1194 exemplum
733 1113 798 1175 huc
821 1133 886 1175 non
909 1114 1048 1194 quadrat
1071 1134 1178 1196 neque
1196 1113 1321 1175 Meiero

262 1218 360 1291 licuit,
387 1238 459 1281 cum
485 1219 555 1300 ipse
579 1228 678 1281 staret
701 1240 720 1281 a
743 1219 920 1295 Boeckhi0,
945 1230 1054 1282 tamen
1078 1240 1120 1282 ex
1143 1220 1326 1300 hocinepto

259 1324 412 1406 exemplo
436 1324 565 1388 efficere
587 1326 677 1407 leges
706 1326 824 1407 quibus
853 1326 1016 1407 litigantes
1044 1327 1086 1390 de
1115 1327 1232 1406 quibus
1262 1344 1327 1387 nos

258 1432 444 1494 disserimus
468 1433 516 1494 usi
541 1441 648 1495 essent
671 1451 793 1514 pp.·44
808 1450 855 1512 sq.

278 1564 283 1571 ·
366 1532 403 1621 ζ’.
429 1539 531 1602 Thuc.
559 1540 571 1601 l
590 1542 640 1619 78,
658 1538 914 1615 4Athenienses
928 1538 1195 1602 Lacedaemoniis
1211 1540 1328 1601 dicunt

258 1642 401 1719 σπονδὰς
424 1644 467 1729 μὴ
501 1645 603 1724 λύειν,
634 1643 676 1710 τὰ
707 1644 742 1709 δὲ
781 1644 923 1729 διάφορα
956 1646 1031 1728 δίκῃ
1066 1645 1205 1712 λύεσθαι
1232 1642 1325 1709 κατὰ

260 1752 322 1835 τὴν
346 1752 519 1837 ξυνθήκην
542 1753 616 1814 anni
640 1766 721 1833 445;
748 1753 760 1814 Ι
785 1756 859 1833 85,2
883 1752 1102 1816 Archidamus
1125 1774 1182 1815 rex
1205 1753 1327 1815 cedere

258 1858 360 1920 voluit
383 1854 526 1941 ἑτοίμων
549 1850 661 1924 ὄντων
689 1855 802 1924 αὐτῶν
823 1859 915 1938 δίκας
943 1862 1066 1939 δοῦναι,
1098 1859 1328 1925 Sthenelaidas

258 1968 367 2027 autem
392 1965 532 2047 ephorus
554 1966 567 2027 l
593 1966 665 2043 86,3
690 1965 840 2030 dissuasit
863 1976 962 2049 atque
977 1970 1111 2050 pervicit
1127 1964 1202 2031 οὐδὲ
1218 1966 1329 2040 δίκαις

258 2072 311 2135 καὶ
335 2070 444 2154 λόγοις
467 2070 633 2155 διακριτέα
656 2072 695 2137 cl.
719 2074 978 2158 etiam114o,2;
1007 2092 1111 2153 144,2,
1135 2084 1169 2136 et
1192 2072 1328 2135 Aristid.

259 2180 301 2241 de
324 2179 533 2260 quattuorvir.
558 2179 620 2241 vol.
646 2179 674 2241 Il
698 2198 729 2259 p.
757 2196 822 2243 200
845 2182 896 2247 ed.
925 2181 1022 2243 Dind.
1048 2180 1093 2267 (p.
1121 2182 1183 2258 248
1203 2177 1325 2262 Jebb.).

258 2285 340 2347 Illud
374 2294 506 2367 pactum
540 2286 641 2348 Meier
678 2306 732 2367 pp.
761 2301 802 2364 39
840 2296 873 2349 et
910 2301 951 2367 45
991 2289 1033 2350 ad
1071 2306 1140 2351 rem
1178 2294 1325 2348 nostram

259 2399 405 2473 spectare
429 2404 548 2465 censet,
576 2392 609 2453 id
633 2393 723 2474 quod
753 2413 818 2455 non
847 2396 963 2475 probo,
999 2396 1077 2476 quia
1099 2394 1213 2457 tertiae
1236 2391 1327 2454 urbis

261 2499 395 2561 omnino
419 2520 484 2562 non
507 2498 543 2561 fit
566 2517 682 2562 sermo

368 2598 408 2691 η’.
432 2607 483 2669 De
507 2606 604 2671 Diod.
629 2605 688 2668 XII
712 2619 753 2685 35
778 2626 800 2667 ν
834 2627 864 2687 p.
892 2619 933 2685 50
956 2606 1027 2670 adn.
1056 2621 1107 2686 27.

369 2705 413 2776 θ’.
439 2714 518 2776 Xen.
551 2712 632 2775 Hell.
667 2712 729 2775 VII
758 2729 831 2788 4,11
869 2713 997 2776 Phliasii
1033 2714 1075 2777 ab
1109 2712 1243 2793 Argivis
1276 2712 1326 2772 ius
1435 2703 1436 2708 ’

262 2821 446 2901 petiverunt
462 2821 507 2882 ob
518 2828 715 2901 occupatum
731 2839 845 2899 agrum
860 2820 1071 2883 Tricaranum
1087 2820 1146 2883 sed
1162 2818 1325 2901 repulsam

262 2926 403 2989 tulerunt
433 2928 542 3006 366s5.
589 2926 663 2988 Non
692 2926 788 2989 video
818 2946 883 3006 quo
915 2930 982 2990 iure
1015 2928 1116 2991 Meier
1139 2948 1172 3009 p.
1195 2939 1237 3004 45
1262 2923 1327 2985 hoc

263 3034 376 3096 afferat
399 3053 505 3113 neque
528 3033 633 3114 magis
656 3052 710 3095 cur
732 3054 762 3113 p.
787 3048 829 3111 43
853 3034 931 3098 citet

369 3133 399 3201 ι’.
425 3140 526 3221 Epist.
550 3139 624 3201 Phil.
651 3139 823 3201 Demosth.
837 3141 896 3203 XlI
920 3162 949 3223 p.
972 3143 1027 3204 161
1049 3144 1077 3221 ξ.
1100 3158 1134 3203 11
1157 3149 1189 3202 et
1205 3140 1326 3219 Heges

264 3247 337 3309 Hal.
357 3264 389 3326 p.
404 3250 444 3326 87
462 3250 491 3326 ξ.
509 3264 547 3323 41
564 3266 620 3325 sq„
638 3245 692 3308 ubi
708 3245 874 3329 Philippus
889 3249 1027 3310 Macedo
1043 3248 1263 3311 Athenienses
1279 3266 1326 3307 ca.

268 3370 330 3432 342
356 3362 427 3416 orat
451 3364 486 3416 ut
509 3352 676 3417 Cardianis
701 3354 750 3415 ius
773 3354 887 3417 darent
928 3354 1073 3417 debitum
1108 3355 1151 3415 de
1181 3352 1330 3435 diapson

265 3460 384 3545 μένοις,
409 3461 465 3521 sed
491 3459 606 3522 infelici
642 3467 769 3527 eventu.
815 3460 958 3525 Ubinam
981 3460 1157 3541 loquuntur
1181 3468 1331 3523 auctores

265 3568 306 3630 de
329 3568 450 3632 arbitro
475 3566 640 3647 eligendo?

372 3670 424 3739 ια’.
449 3672 581 3752 Quintil.
605 3673 675 3734 inst.
699 3692 744 3735 or.
769 3672 800 3733 V
828 3689 874 3735 10.
903 3686 1071 3752 110-115
1097 3673 1236 3735 alienum
1261 3692 1332 3735 esse

265 3806 284 3845 a
313 3805 346 3845 re
380 3779 614 3846 demonstravit
648 3778 817 3857 Biirgelius
850 3780 932 3842 »die
955 3778 1328 3860 Pylaisch-Delph.

266 3888 597 3971 Amphictyonie‹
618 3907 647 3966 p.
666 3898 746 3962 2033
770 3886 824 3965 qui
848 3886 947 3949 etiam
962 3886 1067 3950 aliena
1091 3907 1162 3949 esse
1186 3887 1331 3949 ostendit

265 3996 275 4058 l
299 3997 317 4063 l.
335 4018 365 4079 p.
388 4000 447 4074 198
471 3994 620 4075 exempla
643 4014 662 4056 a
686 3989 809 4053 Meiero
832 4013 887 4074 pp.
912 3997 963 4073 36,
989 4010 1041 4076 37,
1066 3996 1110 4071 46
1127 3993 1190 4056 huc
1213 3993 1330 4056 relata:

373 4096 424 4181 ιβ’.
449 4100 545 4165 Diod.
569 4100 646 4165 XVI
671 4118 747 4179 23,2
772 4118 818 4180 sq.
