2900 4559
670 233 889 295 ...88-

248 446 278 487 n.
296 423 432 489 LXXXI
458 435 490 488 et
513 424 702 499 CXXXVII,
729 424 865 488 restituit
887 423 1151 489 Wilamowitzius
1175 425 1244 487 eius
1261 445 1317 487 no-

250 552 324 595 men
349 554 379 595 n.
398 532 563 596 LXXXIII
585 534 770 596 rectissime.
806 533 987 615 Kennerll)
1011 553 1042 598 n.
1058 531 1193 595 LXXXI
1218 533 1320 597 vertit

250 638 325 702 illud
362 638 801 722 ›Sachverstiindigen
832 639 1061 712 Einliihrer,
1085 638 1224 719 Agent
1248 640 1318 702 der

252 744 440 810 Richter«
461 767 557 830 quern
574 747 665 809 addit
680 747 758 811 alias
774 749 887 811 datum
904 767 975 811 esse
990 767 1010 809 a
1026 748 1154 809 civitate
1172 747 1314 809 turbata.

252 851 319 915 Sed
343 854 485 916 maxime
514 853 612 916 dubia
636 863 686 916 est
707 854 789 918 haec
812 874 870 919 res.
918 854 1003 917 Nam
1027 874 1058 920 n.
1074 852 1241 916 LXXXIII
1265 853 1318 915 ille

255 960 485 1043 dicastagogus
514 961 651 1025 mittitur
678 963 838 1045 petiturus
875 962 1005 1035 iudices,
1039 959 1145 1025 Cauer
1178 977 1240 1040 431
1269 960 1315 1039 (n.

254 1050 403 1149 LXXXI)
420 1077 552 1151 quartus
569 1069 598 1132 ei
615 1069 709 1132 datur
725 1068 815 1133 locus
831 1069 927 1133 etiam
944 1077 1020 1149 post
1036 1068 1183 1131 scribam.
1208 1068 1317 1149 Quid?

251 1195 329 1236 num
355 1174 399 1239 ibi
417 1195 549 1258 quoque
565 1195 631 1239 non
648 1185 697 1241 est
713 1175 910 1258 Erythraeus
926 1177 984 1239 sed
1000 1175 1212 1257 Mytilenaeus
1229 1182 1266 1238 ut
1282 1196 1313 1238 n.

250 1281 437 1346 LXXXIII?
460 1281 508 1349 CI.
522 1292 690 1364 praeterea
706 1304 736 1347 n.
748 1283 885 1347 LXXIX
908 1283 1057 1367 (Newton
1071 1282 1116 1345 lII
1131 1286 1211 1363 421)
1227 1304 1256 1345 v.
1276 1299 1317 1361 14

252 1391 352 1454 verba
375 1387 453 1465 τοὺς
476 1388 548 1475 μὲν]
573 1388 760 1475 ἒπῃνῆσθαι
782 1387 837 1455 ἐπὶ
863 1393 913 1477 τῷ
941 1387 1061 1475 π[αρ]ὰ
1088 1391 1318 1475 [mannariora

250 1499 459 1583 npeodeldoor
473 1546 497 1561 ..
514 1546 520 1561 .
547 1498 666 1561 Mirum
678 1508 787 1561 autern
800 1507 909 1561 manet
925 1498 1015 1580 quod
1026 1496 1133 1560 Cauer
1148 1513 1211 1576 431
1232 1498 1316 1561 dica·

250 1614 410 1687 stagogus
423 1625 543 1669 corona
555 1625 652 1669 aurea
664 1606 782 1688 dignus
796 1605 942 1668 habetur.
971 1604 1053 1667 Mitt.
1069 1603 1146 1667 Ath.
1162 1605 1238 1667 VIII
1256 1621 1317 1687 127

254 1714 298 1797 (n.
313 1711 384 1793 CV)
410 1712 487 1793 quid
510 1712 561 1775 illa
584 1712 786 1797 παραγραφή
808 1712 869 1775 sibi
892 1711 969 1776 velit
992 1732 1045 1773 me
1061 1711 1184 1774 nescire
1201 1711 1315 1779 fateor.
1419 1701 1420 1704 ¹

251 1820 396 1883 Discidia
407 1820 550 1883 maxima
562 1818 658 1883 fuisse
667 1840 725 1903 per
735 1838 771 1882 se
779 1820 915 1902 quisque
925 1820 1115 1903 suspicatur,
1125 1827 1226 1882 testes
1236 1820 1316 1882 certi
1421 1873 1422 1878 ,

253 1926 371 1991 adsunt
394 1949 424 1994 n.
438 1925 509 1990 CIX
534 1936 567 1990 et
590 1927 669 1993 Hdt.
683 1928 716 1993 V
741 1930 781 1991 28
805 1923 921 2009 (LXX)
944 1921 1128 2011 ἦΜὶλητος
1141 1974 1236 1993 .....
1263 1924 1316 1990 ἐπὶ
1422 1937 1423 1984 3

252 2034 311 2100 δύο
321 2032 432 2119 γενεὰς
441 2032 571 2118 ἀνδρῶν
582 2034 744 2119 νοσήσασα
756 2032 789 2109 ἐς
802 2032 841 2098 τὸ
851 2032 986 2118 portora
999 2031 1094 2098 στάσι
1107 2083 1114 2100 .
1128 2082 1136 2096 .
1149 2081 1156 2095 .
1171 2081 1177 2095 .
1196 2034 1315 2114 Ingens
1423 2041 1424 2064 ³

253 2142 355 2205 moles
377 2161 544 2205 causarum
568 2150 617 2205 est
640 2142 675 2209 C.
686 2143 711 2224 J.
727 2141 764 2205 G.
784 2141 864 2223 2671
893 2140 1068 2226 (CXXXII)
1091 2139 1154 2203 scil.
1171 2150 1228 2202 aut
1243 2140 1315 2221 plus

255 2270 353 2333 quarn
376 2258 539 2313 trecentae
557 2259 589 2313 et
605 2250 841 2332 quinquaginta
855 2256 913 2313 aut
927 2248 1156 2330 septingentae
1179 2258 1212 2310 et
1227 2248 1316 2330 quin·

255 2358 410 2443 quaginta
438 2365 494 2421 aut
526 2356 625 2420 etiam
653 2357 759 2438 plures
790 2360 967 2440 (servatum
996 2356 1082 2419 enim
1106 2364 1155 2418 est
1178 2362 1316 2419 ακσσιᾶν

255 2465 472 2549 πεντήκοντα,
497 2472 571 2527 ante
594 2470 732 2529 ακοσιᾶν
747 2473 812 2527 tres
828 2464 952 2525 litterae
976 2463 1174 2536 exciderunt,
1207 2482 1250 2523 ex
1265 2461 1317 2525 his
1423 2463 1427 2478 '

256 2573 429 2656 pleraeque
442 2569 570 2645 dilutae,
581 2590 704 2654 paucae
716 2570 841 2634 ratione
854 2570 1025 2633 diaetetica
1037 2572 1192 2647 sublatae,
1203 2571 1317 2634 decem

255 2680 449 2744 diiudicatae
464 2682 560 2763 sunt).
607 2678 703 2741 Hunc
719 2676 786 2741 fere
804 2697 933 2758 semper
956 2678 1157 2743 discernendi
1182 2681 1317 2742 modum

257 2787 353 2850 luisse
370 2786 519 2870 exempla
535 2783 629 2849 allata
653 2785 887 2851 demonstrant.
926 2783 961 2847 C.
971 2785 996 2866 J.
1010 2783 1050 2852 G.
1066 2792 1105 2849 26
1111 2800 1149 2866 71
1176 2786 1320 2850 tribunal

258 2904 428 2957 externum
451 2892 610 2955 adscitum
634 2900 683 2955 est
706 2891 749 2955 ad
773 2910 886 2954 omnes
902 2912 1015 2956 causas
1031 2894 1186 2975 agendas,
1205 2903 1319 2957 contra

257 3001 292 3067 C.
305 3001 332 3083 J.
347 2997 385 3063 G.
399 3001 483 3080 3568
508 2999 526 3063 I.
544 3001 585 3083 (n.
600 2998 650 3082 C),
664 2997 797 3063 Peltenii
821 3018 886 3061 non
901 3001 1045 3063 contenti
1061 3000 1210 3065 tribunali
1227 3022 1318 3084 prae·

257 3107 339 3172 senti
355 3106 461 3170 donec
478 3106 553 3169 novi
571 3106 777 3188 magistratus
795 3105 892 3169 creati
905 3116 979 3171 sunt
995 3107 1134 3171 iudicem
1146 3117 1317 3171 externum

258 3214 500 3279 caressiverunt.
548 3212 673 3275 Iudices
689 3212 880 3275 iudicavisse
904 3214 1082 3277 secundum
1104 3214 1194 3296 leges
1220 3216 1316 3288 urbis,

260 3342 343 3404 quae
366 3320 526 3383 discordia
548 3319 730 3395 laborabat,
760 3328 909 3383 accurate
932 3322 1112 3385 ostenditur
1135 3321 1243 3384 verbis
1266 3341 1317 3402 ap.

257 3431 395 3495 Newton
427 3427 478 3489 ΙΙΙ.
496 3443 558 3504 421
594 3432 637 3511 (n.
655 3427 803 3508 LXXIX)
833 3448 862 3490 v.
885 3445 919 3490 11
947 3448 994 3510 sq.
1009 3426 1042 3493 οἳ
1063 3426 1320 3512 παραγενόμενοι

364 3640 396 3712 ³²)
416 3642 494 3692 Miror
518 3642 587 3707 quod
617 3641 719 3691 Kenner
750 3658 774 3707 p.
799 3654 847 3706 341
884 3643 994 3693 »diese
1024 3644 1205 3693 sendeten«
1238 3644 1318 3707 inquit

259 3734 333 3784 »wie
351 3748 381 3783 es
406 3730 619 3797 gewdbnlich
641 3746 674 3779 zu
701 3731 886 3795 geschehen
910 3732 1048 3797 pllegte,
1077 3732 1157 3781 zwei
1180 3733 1320 3781 Richter

257 3823 320 3874 und
339 3823 397 3872 mit
415 3821 517 3871 ihnen
535 3819 633 3869 einen
652 3818 827 3869 Schreiber
851 3820 916 3869 und
935 3821 1032 3870 einen
1058 3820 1316 3885 Dikastagogen«

259 3920 344 3962 conus
361 3928 386 3976 p.
402 3909 453 3973 348
470 3909 539 3960 idem
557 3924 584 3958 se
601 3908 670 3958 uliud
694 3908 837 3973 exemplum
862 3908 1020 3973 dicsstagogi
1047 3926 1099 3959 non
1122 3924 1197 3958 nosse
1221 3908 1316 3966 latetur,

257 4000 295 4049 Le
313 4001 362 4049 Bas
376 4000 416 4049 III
437 3996 504 4062 35811
523 3993 679 4065 (CLXXIII)
703 4012 761 4047 eum
779 3997 851 4061 Iugit.
887 3996 965 4058 Quod
984 3998 1045 4048 dicit
1061 4014 1112 4047 non
1130 3999 1237 4048 inveniri
1256 3997 1317 4048 tales

269 4089 430 4155 ascriptiones
448 4088 495 4137 nisi
514 4088 539 4139 in
558 4086 645 4141 insulis
662 4092 688 4135 et
707 4086 782 4135 Asiae
801 4086 905 4137 urbibus
923 4094 996 4135 errat.
