2900 4559
260 1186 383 1277 'Nemo
419 1222 564 1277 nostrum
601 1234 666 1277 non
706 1214 769 1276 iam
805 1214 951 1277 meminit
993 1216 1234 1279 controversiae

172 1321 252 1385 illius
276 1322 359 1383 inter
383 1318 563 1385 Germanos
587 1330 620 1385 et
644 1321 808 1403 Hispanos
832 1329 922 1383 ortae
946 1322 987 1384 de
1004 1320 1123 1394 insulis
1149 1342 1232 1404 quae

175 1427 381 1491 »Catulinae«
408 1437 572 1491 vocantur.
619 1428 684 1489 Diu
713 1436 783 1490 tum
808 1428 890 1489 inter
912 1428 1053 1511 populos
1077 1427 1149 1491 illos
1172 1428 1232 1491 dis·

172 1544 349 1617 ceptatum,
373 1555 470 1616 saepe
485 1534 605 1597 bellum
623 1533 797 1597 conflatum
814 1534 849 1595 iri
865 1534 971 1595 visum
987 1544 1045 1599 est.
1084 1535 1233 1598 Tandem

170 1642 212 1703 ad
235 1642 382 1705 Leonem
404 1642 478 1705 XIII
504 1661 625 1723 papam
650 1662 700 1703 res
723 1640 830 1704 delata
852 1649 912 1714 est,
938 1643 993 1721 qui
1016 1643 1150 1705 arbitrio
1172 1663 1234 1706 suo

170 1748 347 1829 periculum
382 1749 552 1811 imminens
586 1748 718 1813 amovit.
770 1746 932 1810 Omittam
966 1748 1029 1812 alia
1062 1750 1097 1812 id
1130 1770 1233 1832 genus

173 1856 323 1937 exempla
337 1864 521 1919 nostrorum
537 1863 731 1937 temporum,
749 1855 825 1936 quia
839 1858 916 1918 satis
931 1865 1010 1919 nota
1022 1866 1106 1922 sunt.
1130 1857 1233 1919 Multo

170 1973 284 2025 autem
308 1964 438 2045 saepius
462 1982 559 2042 quam
575 1962 643 2035 viri,
669 1962 723 2043 qui
739 1962 802 2024 hoc
818 1961 948 2025 saeculo
963 1971 1119 2044 praesunt
1138 1963 1234 2026 rebus

169 2070 316 2149 publicis,
341 2078 467 2132 veteres
490 2070 551 2133 hac
574 2070 696 2131 ratione
720 2068 783 2131 litis
806 2055 1053 2162 componendae
1078 2070 1125 2131 usi
1147 2080 1232 2136 sunt.

167 2176 329 2240 Numerus
361 2177 506 2241 locorum
536 2176 611 2239 inde
635 2197 654 2237 a
676 2176 799 2239 Meiero
823 2175 875 2257 (cs.
893 2177 965 2255 p.6
987 2177 1061 2243 adn.
1084 2176 1114 2263 1)
1138 2177 1234 2241 valde

167 2292 281 2347 auctus
304 2293 363 2358 est,
388 2304 494 2364 neque
525 2284 571 2344 vir
602 2282 653 2346 ille
681 2282 887 2345 doctissimus
916 2283 1075 2366 exemplis
1109 2284 1232 2349 collatis

169 2410 251 2471 quae
281 2392 423 2454 rationes
457 2391 628 2455 subessent
656 2390 734 2453 satis
765 2399 915 2454 accurate
943 2392 1103 2472 exposuit,
1129 2391 1174 2455 ita
1197 2401 1232 2454 ut

169 2517 288 2579 operae
319 2498 460 2577 pretium
490 2516 562 2561 esse
596 2498 742 2561 videatur
772 2516 811 2560 ea
840 2498 951 2560 omnia
975 2517 1165 2561 enumerare
1188 2507 1230 2573 et,

166 2605 333 2684 quomodo
367 2606 448 2667 inter
484 2626 519 2669 se
548 2605 752 2677 cohaereant,
781 2602 901 2667 videre.
949 2604 1042 2666 Haec
1072 2605 1114 2667 sit
1142 2606 1230 2687 prior

165 2730 241 2791 pars
273 2712 507 2776 dissertationis
538 2731 638 2785 meae,
670 2730 767 2794 quam
798 2711 903 2792 ipsam
931 2710 1074 2773 divIdam
1103 2712 1136 2773 in
1164 2713 1229 2775 duo

167 2819 274 2900 capita
297 2819 350 2893 ita,
375 2827 411 2881 ut
426 2820 515 2898 prius
538 2818 771 2900 complectatur
794 2837 908 2880 causas
931 2836 1041 2881 earum
1065 2818 1228 2881 civitatum

164 2925 336 2989 liberarum
352 2946 434 3009 quae
450 2926 537 2989 nuIIo
552 2925 679 2989 vinculo
695 2926 778 2989 inter
792 2944 828 2987 se
850 2944 1020 2987 connexae
1042 2924 1114 3000 sint,
1139 2925 1229 2989 alter·

166 3054 221 3097 um
245 3054 358 3097 causas
382 3034 548 3097 civitatum
572 3053 655 3115 quae
678 3042 736 3097 aut
757 3032 906 3096 libertate
930 3052 994 3094 non
1018 3041 1150 3095 utantur
1172 3042 1229 3095 aut

163 3160 240 3204 cum
262 3140 330 3203 aliis
353 3141 497 3203 eiusdem
521 3140 684 3204 societatis
708 3140 882 3223 participes
911 3139 984 3204 sint.
1032 3138 1105 3202 Hac
1135 3149 1228 3222 parte

165 3247 405 3329 coniunguntur
428 3268 542 3311 causae
566 3247 730 3331 publicae;
755 3248 814 3309 sed
835 3248 932 3311 etiam
950 3266 1066 3309 causae
1080 3247 1227 3328 privatae

163 3355 305 3437 antiquis
333 3355 534 3435 temporibus
562 3374 720 3437 persaepe
750 3355 811 3417 hac
839 3354 891 3417 via
926 3354 1123 3436 disceptatae
1152 3363 1246 3417 sunt.

165 3470 202 3523 ut
236 3483 277 3523 ex
312 3470 404 3541 parte
439 3462 548 3525 medio
591 3480 721 3543 quoque
757 3478 840 3525 aevo
874 3463 907 3522 in
940 3460 1031 3524 Italia
1059 3470 1093 3523 et
1127 3480 1227 3543 regno

164 3568 450 3649 Francogallorum
473 3588 531 3651 per
554 3569 761 3651 magistratus
783 3568 862 3642 illos,
880 3567 999 3649 quibus
1015 3588 1134 3631 nomen
1158 3577 1227 3631 erat

168 3676 359 3741 ›Podesta‹.
414 3674 480 3739 Sed
510 3676 543 3737 hi
577 3696 631 3738 eas
663 3674 748 3737 solas
782 3683 959 3739 tractarunt
988 3693 1111 3748 causas,
1144 3693 1227 3755 quae

162 3793 255 3845 ortae
279 3791 369 3845 erant
392 3783 474 3845 inter
496 3782 583 3844 cives
607 3783 674 3845 eius
697 3783 834 3846 civitatis
858 3801 956 3864 quam
979 3782 1040 3861 ipsi
1056 3781 1224 3862 regebant,

162 3907 231 3953 non
270 3911 336 3965 eaS,
377 3911 462 3973 quae
501 3899 591 3953 erant
628 3889 711 3954 inter
750 3890 886 3952 duarum
925 3890 1091 3952 civitatum
1128 3888 1223 3951 cives.

161 3998 267 4080 Apud
291 4007 416 4063 veteres
439 3998 567 4061 alterius
590 3998 718 4079 generis
748 3998 950 4061 inveniuntur
978 3993 1128 4076 exempla
1156 4015 1225 4077 per·

162 4105 283 4187 multa3
313 4126 494 4188 quaecum
518 4105 559 4169 ad
594 4105 626 4167 id
648 4106 806 4187 temporis
833 4124 852 4167 a
881 4103 967 4165 nullo
996 4102 1130 4166 collecta
1163 4102 1226 4163 sint
