2900 4559
640 313 883 377 —108-

235 504 372 587 petitum
398 512 491 576 esset,
517 511 553 567 ut
581 503 769 573 iudicarent.
815 506 890 589 Ego
919 504 987 580 eius
1017 524 1088 567 sum
1120 502 1297 567 sententiae

232 612 265 673 in
291 611 355 674 hoc
384 618 482 694 pacto
515 614 728 676 constitutum
751 614 850 676 fuisse
873 622 909 675 ut
932 613 973 676 de
996 613 1102 675 causis
1124 610 1181 676 Cei
1206 611 1295 686 ortis,

233 739 318 800 quae
341 728 462 782 certam
485 740 645 782 summam
669 723 826 804 pecuniae
849 720 1130 784 transscenderent
1153 719 1296 800 (centum

232 826 424 910 drachmas),
449 837 482 890 et
505 826 562 890 Cei
587 837 620 891 et
643 827 783 891 Athenis
808 829 861 908 agi
890 829 1003 891 liceret
1029 828 1074 890 ita
1105 836 1226 899 tamen,
1261 834 1297 887 ut

235 934 398 996 accusanti
422 935 662 1017 permitteretur
685 955 816 998 causam
847 936 1021 1009 instituere,
1051 944 1123 997 utra
1153 934 1185 995 in
1216 933 1297 996 urbe

233 1039 339 1103 vellet.
387 1041 470 1104 Earn
499 1042 543 1105 ob
574 1063 642 1104 rem
670 1042 818 1125 praefero
851 1043 993 1123 priorem
1026 1042 1195 1115 rationem,
1232 1060 1298 1123 qua
1364 1061 1368 1072 ·

233 1148 363 1210 lacunas
394 1148 531 1232 explevi,
564 1151 640 1232 quia
669 1172 697 1212 v.
718 1164 759 1231 50
786 1150 940 1213 Athenae
969 1145 1171 1235 ἡέκκλητος
1199 1146 1298 1222 πόλις

234 1274 299 1317 non
324 1256 430 1335 potuit
453 1258 621 1332 nominari,
646 1257 706 1320 nisi
731 1259 762 1320 in
786 1264 884 1339 pacto
909 1279 964 1322 eas
988 1258 1016 1319 ei
1033 1266 1143 1336 partes
1159 1255 1298 1319 tributas

233 1383 304 1424 esse
319 1374 611 1427 commemoratum
628 1374 706 1439 erat,
732 1365 791 1427 nisi
807 1364 890 1428 forte
906 1366 939 1427 in
953 1365 1017 1428 fine
1041 1364 1162 1427 decreti
1187 1362 1219 1424 id
1242 1381 1298 1442 pe-

233 1470 311 1532 risse
335 1470 438 1533 credis
461 1470 499 1534 cf.
526 1472 623 1535 etiam
654 1495 686 1556 p.
716 1489 787 1539 111.
834 1472 1024 1555 Priusquam
1059 1481 1221 1534 transeam
1254 1469 1299 1531 ad

233 1585 360 1640 ceteros
376 1576 488 1641 titulos
511 1578 630 1642 similes
646 1579 741 1643 liceat
763 1580 876 1660 paucis
900 1578 1053 1651 refellere,
1078 1599 1162 1661 quae
1180 1578 1298 1639 Harte-

233 1684 292 1746 lius
315 1684 332 1746 1.
348 1685 365 1746 l.
380 1686 523 1766 protulit,
548 1688 624 1768 quia
648 1688 790 1751 maxime
813 1688 965 1749 miratum
993 1707 1046 1748 me
1076 1706 1147 1748 esse
1180 1685 1297 1756 fateor,

232 1792 320 1872 quod
336 1793 385 1854 vir
399 1792 472 1855 talis
488 1794 682 1875 diligentiae,
708 1795 811 1876 qualis
828 1804 877 1856 est
894 1793 1067 1868 Hartelius,
1093 1813 1132 1855 ea
1149 1790 1300 1873 protulit.

232 1899 332 1963 Putat
356 1898 407 1962 ille
430 1920 479 1963 vv.
495 1902 538 1981 69
562 1922 629 1981 sqq.
644 1902 851 1964 scribendum
868 1922 939 1965 esse
963 1895 1054 1986 ὅρκοι
1077 1901 1132 1965 καὶ
1157 1896 1302 1983 συνθῇ]-

232 2032 286 2072 και
310 2016 380 2073 τῶν
409 2008 543 2073 πόλεων
571 2016 640 2073 τῶν
669 2007 705 2073 ἐν
732 2008 808 2094 Κέῳ
841 2008 947 2096 aprile
979 2006 1058 2083 τοὺς
1093 2003 1301 2091 στρατηγοὺς

231 2099 309 2191 οτοὺς
336 2112 535 2203 Ἀθηναίων]
562 2118 618 2180 καὶ
647 2118 756 2181 Κείων
787 2113 844 2194 οὓς
872 2116 1059 2200 κατήγαγον
1084 2106 1301 2201 humburne,-

234 2243 309 2285 nam
337 2224 369 2285 id
405 2224 573 2286 offensioni
608 2244 688 2298 esse,
718 2225 808 2305 quod
835 2224 926 2286 iuxta
954 2224 1053 2286 duces
1088 2223 1187 2285 etiam
1216 2220 1299 2281 socii
1357 2243 1360 2247 ·

229 2330 385 2393 nominati
408 2331 490 2406 sint;
521 2351 596 2393 nam
621 2330 705 2394 Ceos
729 2332 760 2393 in
785 2332 856 2413 ipso
879 2332 947 2394 iure
971 2331 1105 2393 iurando
1129 2327 1297 2409 exigendo

233 2447 420 2517 praesentes
449 2458 514 2501 non
545 2438 643 2500 fuisse
674 2458 833 2521 apparere
862 2460 904 2501 ex
927 2459 954 2500 v.
975 2454 1022 2518 19.
1068 2436 1142 2499 Non
1173 2435 1296 2508 obstat,

230 2545 318 2627 quod
347 2545 510 2608 Hartelius
540 2546 652 2608 scribit
679 2544 758 2621 τοὺς
788 2544 1002 2629 στρατηγούς,
1035 2563 1232 2624 quamquam
1262 2562 1295 2607 v.

235 2669 274 2731 19
297 2652 338 2714 de
363 2672 428 2714 uno
452 2651 592 2715 Chabria
619 2672 727 2715 sermo
762 2662 830 2732 est,
865 2673 939 2714 nam
974 2651 1113 2732 legimus
1142 2650 1240 2712 etiam
1263 2670 1297 2712 v.

234 2760 274 2837 56
297 2756 328 2822 οἱ
352 2761 537 2844 στρατηγοί.
584 2758 650 2823 Sed
674 2760 867 2823 coniecturis
884 2758 1016 2821 Hartelii
1039 2759 1209 2839 complura
1232 2756 1299 2818 alia

231 2866 374 2928 maxime
398 2876 590 2950 repugnant.
638 2868 783 2930 Primum
807 2868 892 2929 enim
909 2867 1071 2929 Hartelius
1089 2864 1186 2927 efficit
1209 2886 1236 2926 v.
1252 2878 1299 2944 70

231 2974 448 3054 quadraginta
483 2994 541 3037 sex
576 2974 709 3048 litteras,
746 2995 820 3037 cum
855 2974 1034 3038 secundum
1066 2974 1206 3035 editores
1241 2992 1297 3036 vv.
1410 3020 1414 3025 .

232 3094 337 3161 2-55
364 3074 645 3163 quadragenarum
661 3091 836 3155 ternarum,
860 3102 910 3145 vv.
927 3084 1053 3163 57—82
1071 3080 1296 3162 quadragena-

230 3208 301 3251 rum
326 3189 504 3270 quinarum,
528 3209 556 3251 v.
577 3188 616 3267 56
639 3209 698 3252 sex
713 3189 890 3252 litterarum
914 3190 987 3262 sint,
1018 3199 1051 3251 et
1074 3187 1185 3249 titulus
1209 3204 1298 3251 στοι-

227 3293 329 3378 χηὸόν
352 3296 490 3377 scriptus
514 3296 563 3361 sit.
601 3296 789 3359 Secundum
806 3296 987 3359 Hartelium
1003 3296 1080 3357 socii
1097 3315 1125 3355 v,
1143 3308 1181 3374 57
1200 3302 1232 3355 et
1251 3308 1299 3373 70

231 3422 297 3465 non
320 3410 396 3464 sunt
419 3402 516 3465 iidem
540 3412 639 3482 atque
666 3404 756 3465 ›der
788 3402 1021 3483 Seebuud‹3
1053 3422 1127 3464 nam
1161 3420 1222 3481 pro
1253 3422 1300 3464 eo

231 3508 450 3572 Athenienses
474 3509 561 3572 solos
584 3509 805 3572 iusiurandum
834 3509 938 3573 facere
966 3511 1120 3592 potuisse.
1167 3508 1299 3572 Tamen

231 3636 281 3678 vv.
296 3631 337 3695 29
360 3636 406 3696 sq.
420 3614 461 3677 de
484 3612 615 3679 foedere
638 3616 690 3679 illo
718 3616 953 3681 »Seebunde
988 3616 1145 3699 σύμμαχοι
1176 3616 1300 3677 dicitur

229 3721 408 3784 secundum
432 3723 570 3785 eundem
595 3733 628 3785 et
651 3724 730 3786 item
753 3744 779 3792 v.
795 3740 832 3805 71
860 3723 911 3805 (cf.
924 3744 953 3806 p.
972 3726 1056 3805 107).
1106 3722 1169 3786 Cur
1198 3745 1228 3786 ν.
1253 3725 1298 3802 56

230 3848 295 3892 non
319 3829 501 3909 cogitemus
525 3830 565 3892 de
589 3830 723 3894 iisdem?
756 3832 860 3895 Immo
889 3832 1007 3892 mirum
1039 3840 1133 3904 esset,
1170 3832 1196 3893 si
1228 3851 1297 3893 non

231 3935 418 3998 laceremus.
470 3937 584 4013 ›Qui‹,
609 3938 787 4019 interrogat
813 3937 864 3999 ›hi
888 3939 965 4001 socii
998 3936 1219 4020 prohiberent,
1252 3957 1296 4001 ne

231 4042 288 4105 Cei
312 4064 362 4105 res
385 4064 487 4106 novas
510 4042 738 4107 molirentun?
773 4044 839 4109 Sed
863 4047 940 4108 item
965 4052 1063 4126 atque
1088 4044 1193 4108 Cauer
1221 4048 1294 4121 181,

228 4167 271 4231 44
294 4150 499 4213 constituitur
522 4143 614 4235 ἄλλῳ
638 4149 673 4215 δὲ
698 4150 785 4217 κατὰ
804 4141 936 4219 Ῥοδίων
963 4152 1150 4237 ξενολόγιον
1177 4156 1299 4238 μηθενὶ
