2900 4559
670 295 914 357 -116-

259 489 351 573 γωγὴ
374 498 423 553 est
453 488 537 551 actio
572 488 795 561 transferendi,
827 487 1026 550 adiectivum
1055 497 1165 549 autem
1194 485 1327 550 verbale

259 616 324 659 non
369 593 533 676 significat
571 595 661 676 quod
699 593 744 668 fit,
792 594 850 656 sed
889 593 978 673 quod
1016 593 1139 675 sactum
1179 602 1230 657 est
1271 601 1327 655 aut

258 702 326 765 fieri
357 711 476 785 potest,
511 710 546 763 ut
576 702 640 765 iam
672 700 902 764 Hudtwalcker
931 719 987 782 pp.
1010 714 1068 780 125
1095 721 1144 782 sq.
1163 696 1327 785 ἔκκλητος

257 809 356 872 etiam
386 808 588 871 substantive
620 808 769 890 usurpari
804 807 889 881 dicit,
928 808 986 870 sed
1022 805 1160 870 fortasse
1195 816 1325 870 tantum

259 917 348 999 apud
371 915 573 977 recentiores.
620 915 715 977 Hanc
738 913 962 976 confusionem
978 914 1141 996 explicare
1157 933 1210 974 me
1226 933 1326 995 posse

259 1042 357 1105 spero
381 1021 484 1085 allatis
509 1021 588 1084 locis
605 1016 654 1083 'ex
677 1019 757 1087 Ath.
773 1021 805 1082 X
827 1041 859 1103 p.
881 1022 944 1100 536
966 1043 996 1084 n.
1009 1037 1039 1100 9,
1062 1038 1101 1098 14
1119 1022 1163 1102 (n.
1175 1019 1325 1105 CXXVI)

259 1122 305 1203 ὡς
329 1124 494 1213 ὠφληκὼς
517 1127 613 1213 δίκην
637 1118 839 1211 Ἀλεξάνδρῳ
862 1124 899 1190 έν
921 1128 964 1210 τῇ
987 1125 1138 1211 ἐκκλήτῳ
1161 1147 1205 1188 sc.
1219 1125 1324 1200 πόλει,

261 1237 338 1299 item
362 1234 440 1298 Bull.
459 1234 535 1297 VIII
558 1256 590 1317 p.
616 1250 656 1296 22
682 1235 713 1300 Α
737 1255 766 1296 v.
784 1236 825 1299 28
850 1243 883 1297 et
908 1248 949 1314 37
974 1234 1088 1319 (LVII)
1118 1253 1201 1316 quos
1231 1234 1323 1297 locos

263 1342 345 1406 salso
369 1342 653 1419 interpretaremur
676 1341 779 1404 verbo
805 1341 987 1425 μιταγοογή.
1035 1340 1191 1421 Hesychii
1221 1340 1323 1403 verba

258 1446 292 1513 αἱ
315 1446 370 1513 έπὶ
392 1446 486 1531 ξένης
511 1446 677 1531 λεγόμεναι
702 1448 780 1512 item
797 1447 906 1529 inepta
921 1457 1004 1523 sunt,
1023 1447 1112 1530 quod
1127 1446 1321 1511 adiectiuum

258 1555 388 1619 verbale
434 1574 499 1617 non
546 1563 718 1636 usurpatur
764 1555 881 1618 eadem
925 1555 956 1617 vi
1003 1575 1069 1637 qua
1115 1553 1322 1636 participium

257 1662 436 1743 praesentis
460 1661 626 1741 temporis.
673 1661 782 1724 Facile
811 1661 883 1724 talis
914 1681 1001 1726 error
1033 1662 1172 1724 existere
1202 1662 1319 1740 potuit,

257 1770 283 1831 si
329 1768 469 1847 scriptor
513 1776 589 1831 ante
642 1768 755 1831 oculos
806 1765 951 1831 habebat
1003 1768 1126 1841 locum,
1178 1767 1233 1830 ubi
1280 1768 1321 1829 de

257 1895 356 1938 causa
385 1874 450 1936 iam
482 1884 618 1937 evocata
649 1894 757 1938 sermo
790 1884 840 1937 est
868 1884 904 1937 ut
926 1873 991 1936 Dio
1015 1873 1102 1937 Cass.
1118 1892 1150 1953 p.
1171 1891 1252 1953 1293
1278 1903 1319 1929 =

259 1997 298 2062 73
329 1969 399 2063 cap.
421 1982 439 2042 8
463 1999 491 2041 a.
510 2000 539 2041 u.
557 1980 703 2060 965s212
734 1976 847 2064 ἕτερον
876 1977 911 2044 δέ
940 2003 1026 2054 τινα,
1055 1981 1097 2062 τῇ
1127 1979 1188 2063 μὲν
1215 1984 1320 2045 Μακε-

258 2088 350 2175 δονίᾳ
373 2084 475 2171 μηδὲν
498 2086 715 2169 προςήκοντα,
739 2084 847 2151 πολλοὶ
871 2086 906 2151 δὲ
936 2083 1027 2151 δεινοὶ
1057 2085 1238 2170 δεδρακότα
1268 2087 1320 2150 καὶ

258 2192 312 2259 διὰ
335 2200 435 2259 τοῦτο
457 2182 536 2277 παρ>
559 2188 662 2256 αὐτοῦ
684 2191 719 2273 ἐξ
742 2190 904 2277 έγκλητσυ
927 2192 1129 2278 κρινόμενον.
1176 2194 1229 2256 Ex
1260 2193 1320 2256 hoc

256 2304 330 2364 loco
343 2307 511 2382 praeterea
523 2294 663 2379 primum
676 2299 839 2374 discimus,
858 2301 891 2361 id
906 2300 996 2382 quod
1012 2299 1076 2373 iam
1093 2298 1275 2363 Schoeilius
1288 2309 1319 2363 et

258 2406 522 2469 Wilamowitzius
544 2404 682 2485 professi
705 2414 790 2480 sunt,
816 2406 1046 2486 grammaticos
1076 2405 1236 2487 analogiis
1258 2408 1318 2470 Ro·

257 2515 360 2577 manis
383 2512 471 2575 haud
487 2512 597 2594 aequis
613 2512 646 2574 in
669 2512 738 2574 vias
761 2531 929 2592 perversas
952 2512 1113 2575 deductos
1136 2533 1218 2587 esse,
1251 2522 1317 2577 tum

258 2620 456 2683 recentiores
491 2618 626 2681 verbum
660 2614 822 2704 έκκλητσς
852 2619 986 2681 omnino
1017 2639 1083 2681 non
1114 2619 1316 2702 intellexisse,

256 2728 412 2809 quoniam
428 2726 546 2809 partim
562 2745 603 2788 ne
618 2725 817 2807 scripserunt
839 2725 972 2807 quidem
989 2735 1085 2799 recte,
1110 2725 1149 2787 cl.
1161 2726 1261 2788 schol.
1278 2726 1318 2789 ad

257 2833 437 2915 Hegesipp.
451 2853 483 2915 p.
500 2834 550 2911 78,
569 2848 611 2912 39
627 2852 697 2913 cap.
712 2850 734 2913 9
751 2853 776 2899 s.
788 2854 817 2895 v.
832 2827 992 2914 ἐφέσιμον.
1009 2828 1118 2913 έφεσις
1134 2827 1154 2915 ἡ
1170 2829 1319 2917 έγκλησις

256 2935 357 3023 ἦάπδ
369 2946 505 3022 σμικροῦ
520 2937 565 3014 εἰς
576 2944 686 3022 μεῖζον
701 2939 872 3024 κριτήριον
886 2937 1145 3023 προκαλουμένη,
1161 2939 1318 3002 Zonaram

257 3069 282 3110 s.
298 3068 328 3114 ν.
342 3042 511 3131 έγκλητος·
527 3040 547 3129 ἡ
562 3044 617 3110 ἐπὶ
641 3046 780 3111 σύνοδον
802 3047 1008 3130 παραίτησις,
1031 3044 1170 3108 Michael
1193 3046 1318 3110 Psellus

257 3154 407 3236 synopsis
429 3152 492 3233 leg.
510 3173 538 3214 v.
560 3168 618 3231 341
646 3142 903 3217 Άποκαθόστατ’
925 3148 1071 3235 ἀβλαβὴς
1094 3147 1113 3215 ό
1136 3151 1208 3226 νέος
1233 3150 1317 3217 κατὰ

257 3259 386 3344 νόμους.
427 3247 528 3342 Ὅπερ
551 3255 619 3323 ἐστὶ
642 3271 710 3334 τοῖς
732 3254 845 3341 ἥττοσι
861 3257 902 3323 τό
917 3254 1195 3336 ἀποκαθιστάναι,
1219 3268 1318 3324 τοῦτο

255 3369 399 3451 μείζοσιν
417 3361 573 3449 έγκλητσς
597 3362 680 3449 πρὸς
704 3363 823 3448 λόγους
845 3362 1037 3448 ἀναλόγους.
1072 3364 1137 3446 Qui
1161 3362 1317 3450 έκκλητος

256 3483 290 3537 et
305 3470 463 3557 έγκλητος
479 3469 656 3546 confundit,
682 3472 708 3534 is
724 3492 760 3534 se
775 3492 844 3535 rem
859 3492 1021 3535 summam
1038 3492 1104 3535 non
1120 3471 1315 3535 intellexisse

256 3580 375 3643 invitus
400 3579 505 3641 docet.
554 3576 637 3639 Cum
661 3576 862 3642 Schneidero
893 3580 1011 3653 nescio,
1042 3599 1085 3641 an
1115 3580 1162 3643 Ps.
1179 3579 1315 3644 Aristot.

256 3685 416 3749 oeconss
439 3704 470 3765 p.
491 3685 572 3763 1348
598 3703 626 3746 n.
652 3684 715 3748 XV
743 3675 980 3770 (Ἀριστοτέλης
1006 3673 1138 3766 Ῥόδιος)
1172 3682 1234 3760 τὰς
1268 3684 1315 3749 έκ-

255 3792 397 3875 κλήτσυς
419 3779 687 3873 μετ’,έπιτιμὶσον
708 3781 761 3872 ἐφ’
783 3787 887 3855 αὑτὸν
903 3790 1094 3874 ποιούμενος
1109 3792 1314 3855 scribendum

255 3899 296 3961 sit
328 3917 387 3977 pro
410 3894 596 3980 έγκλητσυς.
642 3898 917 3961 Provocationem
940 3898 982 3960 ad
1006 3896 1178 3961 Caesarem
1202 3895 1313 3982 ἔκκλη-

255 4027 315 4071 τον
345 4002 555 4087 δικαστήριον
577 4023 596 4066 a
620 4000 753 4067 Graecis
784 4005 985 4067 nominatam
1017 4024 1089 4067 esse
1121 4005 1220 4068 docet
1250 4006 1312 4068 Dio

256 4111 345 4187 Cass.
367 4124 416 4196 51,
446 4128 485 4190 19
508 4109 563 4175 καὶ
586 4107 646 4176 τὸν
669 4112 820 4197 Καίσαρα
842 4110 905 4196 τήν
929 4135 965 4177 τε
987 4108 1136 4197 ἐξουσίαν
1161 4110 1226 4199 την
1249 4118 1313 4179 τῶν
