2900 4559
551 284 773 345 ...11..

242 478 312 543 Vll.
336 476 457 542 Zenob.
475 476 528 541 ill
550 481 599 542 xn’
623 474 1026 559 Mill.=1167Leutsch.
1049 474 1198 539 Mnaseas

131 598 246 649 narrat
274 587 399 649 Buliam
429 586 663 649 Atheniensem
695 585 850 648 arbitrum
878 586 1016 648 accitum
1044 605 1119 648 esse
1152 585 1195 647 ab

135 694 223 756 Eleis
243 702 276 756 et
293 691 527 777 Calydoniis⁶l3
552 712 635 775 quos
660 713 735 755 cum
751 701 955 756 sacramento
971 692 1142 773 adegisset,
1160 701 1196 754 ut

132 800 274 881 nequid
300 800 487 863 molirentur
517 801 622 864 donec
651 800 846 862 sententiam
878 800 998 877 ederet,
1029 799 1196 862 arbitrium

134 928 236 989 usque
265 908 306 970 ad
340 916 478 971 mortem
509 906 638 971 distulit.
687 906 814 968 Tamen
844 906 896 968 hic
926 906 1035 969 Bulias
1066 905 1195 969 conlun-

133 1016 219 1077 ditur
253 1034 328 1077 cum
363 1016 475 1097 inepto
510 1024 637 1078 oratore
673 1013 880 1095 Syracusano
909 1013 1009 1087 Bulla,
1035 1035 1133 1096 quem
1161 1014 1197 1075 in

132 1122 233 1185 mimo
262 1122 405 1201 quodam
434 1121 570 1185 finxerat
592 1119 722 1201 Sophro
746 1121 904 1202 (Demetr.
929 1121 971 1182 de
998 1121 1079 1187 eloe.
1109 1132 1194 1201 153).

129 1231 213 1292 Rem
235 1228 345 1292 fictam
367 1249 439 1293 esse
462 1230 494 1291 in
517 1228 690 1312 propatulo
714 1238 773 1293 est.
820 1227 952 1291 Zenobii
983 1238 1194 1310 excerptores

130 1336 208 1399 nihil
236 1336 313 1400 boni
342 1338 514 1419 praebent.
535 1344 663 1417 praeter
691 1355 812 1398 nomen
839 1336 981 1412 Βουλὶας
1007 1336 1039 1399 in
1069 1334 1197 1411 Βούνας

132 1444 260 1523 pridem
285 1452 471 1524 corruptum
493 1442 534 1511 cf.
560 1463 689 1524 quoque
712 1442 834 1506 Zenob.
859 1442 891 1503 ll
917 1443 967 1505 86.
1222 1416 1230 1435 ’

240 1568 328 1630 Vlll.
354 1567 456 1629 Thuc.
484 1568 525 1634 V.
555 1586 586 1646 4.
617 1585 627 1629 1
657 1566 908 1630 Lacedaemonii
932 1576 966 1629 et
995 1568 1108 1648 Argivi
1143 1567 1198 1629 diu

131 1682 357 1757 pugnaverant
380 1674 422 1735 de
444 1674 588 1755 Cynuria
611 1684 705 1748 terra,
731 1695 817 1736 anno
848 1682 958 1736 autem
983 1691 1050 1752 420
1077 1674 1193 1757 Argivi

131 1760 371 1865 proposuerunt
393 1778 576 1866 ἐπιτροπὴν
600 1783 690 1863 σφίσι
718 1780 872 1865 γενέσθαι
899 1778 974 1864 ilie
996 1780 1096 1846 πόλιν
1119 1778 1197 1845 τινὰ

130 1886 152 1972 ἢ
175 1887 320 1973 ἰδιώτην,
345 1888 403 1951 sed
426 1888 489 1951 alia
511 1890 563 1951 via
586 1890 617 1952 in
641 1888 851 1953 concordiam
874 1888 1044 1952 redierunt.

240 2013 294 2075 IX.
319 2014 417 2075 Diod.
434 2014 508 2076 Xlll
522 2031 575 2093 43.
589 2030 680 2094 2sqq.
692 2034 778 2076 anno
801 2029 868 2090 410
883 2012 1055 2093 Segestani
1071 2022 1107 2076 ut
1120 2034 1156 2074 se
1178 2034 1197 2074 a

133 2120 320 2185 Selinuntiis
342 2129 516 2194 tuerentur,
542 2121 606 2203 qui,
632 2139 830 2202 quamquam
846 2120 1016 2201 Segestani
1040 2120 1078 2182 iis
1095 2140 1195 2182 cesse-

128 2239 200 2293 rant
212 2229 420 2312 possessione
432 2248 582 2309 agrorum
596 2228 651 2308 qui
667 2228 709 2290 ad
722 2228 755 2289 id
768 2226 894 2290 fuerant
906 2224 1195 2310 ἀμφισβητήσιμοι,

131 2340 230 2402 etiam
254 2335 357 2399 multo
379 2335 472 2417 plura
495 2336 748 2417 postulaverant,
767 2333 985 2396 Hannibalem
1003 2333 1195 2396 Hamilcaris

129 2444 296 2509 Himeraei
313 2451 467 2522 nepotem
492 2443 647 2517 adierunt,
673 2444 728 2525 qui
745 2441 839 2505 simul
855 2460 929 2502 cum
944 2441 980 2501 iis
997 2461 1055 2521 per
1070 2441 1197 2521 legatos

133 2550 346 2636 Syracusanis
369 2550 536 2613 arbitrium
561 2551 737 2613 mandavit.
785 2548 851 2612 Sed
876 2545 1047 2612 Selinuntii
1079 2548 1194 2629 legatis

135 2661 242 2725 missis
265 2658 404 2722 arbitros
428 2678 485 2719 eos
509 2666 747 2721 recusaverunt.

237 2784 277 2851 X.
302 2781 453 2848 Ps.P1ut.
477 2803 527 2866 ap.
554 2780 630 2844 Lac.
661 2786 681 2863 ξ
715 2796 763 2862 15.
789 2783 1009 2847 Athenienses
1042 2780 1196 2864 tempori-

131 2895 194 2957 bus
210 2888 431 2973 Agesipolidis
443 2890 500 2973 (39
505 2903 565 2969 5--
569 2890 656 2974 380),
665 2888 1000 2955 Lacedaemoniorum
1013 2890 1108 2970 regis,
1122 2908 1195 2971 pro-

133 3162 148 3195 a
168 3141 335 3193 Clazomeniis
353 3146 378 3189 et
396 3140 512 3204 Cymaeis
539 3141 636 3191 aditum
664 3150 702 3191 est
728 3142 760 3191 de
790 3143 947 3207 possessione
974 3144 1074 3192 Leucae
1106 3140 1195 3205 oppidi

132 3248 211 3299 quam
225 3232 327 3280 Tachos
338 3230 365 3277 in
377 3229 475 3279 excelsa
486 3246 548 3295 rupe
561 3246 640 3295 prope
650 3247 718 3280 mare
730 3237 888 3281 exstruxerat.
908 3232 1039 3297 Oppidum
1051 3230 1115 3280 illud
1127 3237 1151 3279 et
1164 3230 1198 3278 ob

84 3338 91 3354 ·
135 3324 211 3372 situm
227 3328 252 3369 et
261 3320 295 3369 ob
307 3318 429 3383 templum
442 3319 567 3384 Apollinis
581 3318 731 3369 discordiam
744 3321 852 3370 movisse
862 3320 973 3388 videtur3
988 3337 1048 3370 nam
1065 3327 1130 3369 certe
1142 3334 1199 3368 eam

134 3412 171 3461 ob
184 3426 236 3461 reru
257 3408 337 3458 solam
348 3405 388 3456 dei
402 3422 498 3457 sacrum
514 3415 732 3470 commemoratur,
742 3410 802 3474 quia
812 3410 845 3459 ob
858 3425 977 3475 magnam
990 3425 1020 3459 eo
1032 3408 1199 3458 confluentem

127 3500 269 3566 pecuniam
287 3496 399 3562 possesio
417 3496 562 3561 gravissima
580 3504 632 3546 erat
649 3496 681 3547 cl.
700 3498 776 3555 Barb,
801 3509 876 3561 r,217
896 3499 929 3547 ad
948 3499 1024 3548 Diod.
1047 3508 1087 3562 15.
1110 3498 1147 3547 18.

245 3600 265 3673 ⁰)
285 3604 329 3655 Ps.
348 3602 412 3652 Plut.
433 3619 493 3669 prov
515 3603 586 3654 Alex.
607 3616 639 3667 23
658 3606 819 3655 commendat
831 3604 1038 3668 Καλλιωναίους,
1058 3605 1200 3656 Gronovius

136 3703 216 3745 mutat
234 3695 261 3743 in
279 3692 469 3756 Κυλληναίους,
489 3692 637 3743 Leutschius
656 3700 680 3742 et
699 3693 913 3744 Schneidewinlus
938 3710 1037 3744 crucem
1061 3701 1198 3759 posuerunt

136 3785 228 3836 collato
256 3780 363 3831 Zenobii
390 3782 456 3831 loco.
490 3782 562 3831 Idem
581 3781 621 3833 rs.
641 3781 788 3833 Plutarchus
815 3784 918 3849 praebet
946 3784 1093 3847 ἐπέτρεψαν
1123 3784 1199 3844 δίκας

135 3876 292 3937 νομίσαντες
306 3872 442 3934 ἀναμένειν
462 3872 513 3933 ἕως
532 3872 564 3921 ἂν
584 3871 735 3935 &cophium
754 3872 962 3937 wyttenbachius
976 3868 1078 3937 (Moral.
1093 3882 1116 3935 5.
1133 3889 1158 3937 p.
1174 3885 1199 3935 3.

137 3964 193 4015 edv.
217 3960 295 4027 1802)
313 3960 376 4025 legit
394 3962 540 4023 ὀμόσαντες
558 3961 585 4009 id
603 3961 673 4025 quod
695 3960 757 4010 mibi
775 3962 896 4027 probatur
913 3961 945 4013 ef.
964 3960 1090 4011 Gaislord.
1109 3977 1123 4010 e
1141 3961 1197 4010 eod.

136 4053 209 4103 Bodl.
230 4060 295 4113 217:
319 4050 377 4099 ἐπεὶ
401 4048 502 4113 ἤκουσε
525 4052 609 4113 μένειν
638 4050 734 4112 αὐτοὺς
760 4051 812 4113 ἕως
832 4051 864 4100 ἂν
884 4050 1052 4115 inconvento
1072 4057 1096 4099 et
1114 4066 1139 4103 n.
1163 4051 1198 4100 vt

137 4139 269 4207 Corcyraei
289 4139 417 4203 usquead
437 4139 533 4189 editum
550 4139 670 4190 iudicium
689 4140 800 4189 indutias
820 4156 874 4190 esse
893 4141 989 4193 volunt.
