2900 4559
651 254 873 319 ...3⁸-

232 456 342 513 nostra
358 458 464 513 aetate
481 468 545 511 non
569 450 642 513 ideo
666 460 803 514 externo
826 451 945 515 iudicio
968 452 1097 527 utimur,
1124 453 1201 535 quia
1225 453 1297 515 des·

234 557 421 637 peravimus
451 576 512 619 nos
543 576 684 639 unquam
707 559 847 622 tribunal
878 578 998 640 cogere
1029 580 1129 641 posse
1152 580 1196 622 ex
1220 559 1297 621 viris

234 664 400 743 utriusque
412 664 606 747 reipublicae
627 663 714 728 haud
731 668 985 749 corrumpendis,
1004 668 1062 729 sed
1079 688 1145 748 quo
1161 669 1297 731 celerius

232 760 408 833 concordia
420 771 614 845 restituatur,
632 772 677 835 ita
692 772 791 836 etiam
806 782 932 836 veteres
947 775 1088 838 sensisse
1103 794 1293 855 persuasum

233 876 349 941 habeo.
406 877 573 958 Exemplis
606 878 708 942 allatis
739 880 862 942 iudices
891 877 1065 963 peregrini
1083 902 1213 965 semper
1235 883 1296 945 soli

233 985 385 1060 iudIcant,
402 986 461 1049 sed
477 984 571 1049 simili
595 985 748 1069 exemplo
771 1006 800 1049 n.
824 987 899 1050 LVI
931 988 1120 1052 domesticis
1143 990 1295 1055 adiuncti.

339 1092 434 1174 Quae
455 1091 588 1156 tandem
620 1092 767 1157 civitates
798 1103 856 1157 aut
884 1093 1033 1159 homines
1067 1096 1145 1159 aditi
1180 1106 1299 1160 sunta

232 1199 453 1279 litigantibus?
491 1200 664 1264 Periandro
695 1199 838 1263 defertur
867 1220 918 1265 res
951 1223 980 1265 n.
1012 1203 1050 1275 ll,
1083 1202 1297 1266 Themistocli

234 1327 262 1370 n.
279 1307 320 1379 V,
337 1308 393 1389 qui
410 1315 501 1371 erant
515 1306 664 1371 homines
687 1308 905 1389 potentissimi
920 1318 954 1373 et
965 1309 1063 1372 iidem
1086 1310 1295 1391 sagacissimi,

234 1423 268 1477 et
279 1412 362 1477 hanc
374 1415 479 1496 ipsam
491 1415 535 1477 ob
548 1434 677 1477 causam
690 1433 749 1478 eos
761 1414 882 1478 eleetos
891 1435 963 1478 esse
974 1428 1128 1496 apparet3
1146 1417 1297 1480 homines

234 1521 338 1602 ignoti
353 1541 418 1584 non
435 1522 594 1586 ducuntur
617 1522 715 1603 digni.
764 1522 889 1587 BuIIam
913 1522 1001 1585 illum
1025 1544 1054 1588 n.
1080 1521 1141 1585 Vll
1164 1523 1300 1605 ingenio

235 1627 333 1691 luisse
357 1627 503 1692 maximo
525 1630 677 1711 sequitur.
724 1629 853 1693 Praeter
875 1630 1019 1710 singulos
1050 1631 1136 1693 viros
1160 1631 1299 1713 Amphi-

234 1735 385 1818 ctyoniae
401 1736 518 1817 dignae
533 1744 608 1799 sunt
623 1736 822 1810 aestimatae,
841 1757 924 1817 quae
939 1737 1177 1810 arbitrarentur,
1201 1737 1240 1801 cf.
1267 1758 1298 1801 n.

234 1844 295 1907 XII
333 1852 366 1906 et
404 1862 434 1923 p.
465 1860 487 1921 9
520 1844 594 1905 adn.
633 1859 660 1904 a.
697 1842 780 1916 XIL,
815 1836 869 1911 ια’.
916 1843 1016 1925 Quod
1053 1842 1302 1926 amphictyoma

235 1949 395 2033 Delphica
418 1959 492 2016 ante
516 1963 576 2030 345
604 1949 691 2013 adita
714 1968 781 2012 non
804 1960 863 2024 est,
899 1961 985 2015 recte
1019 1952 1094 2014 inde
1129 1951 1299 2034 explicare

235 2057 312 2121 mihi
336 2057 457 2131 videor,
489 2057 578 2139 quod
612 2057 791 2120 secundum
826 2058 1011 2140 Biirgelium
1039 2078 1095 2139 pp.
1122 2062 1298 2139 248-252

237 2164 495 2247 Amphictyonia
518 2164 569 2227 illa
593 2163 668 2227 inde
692 2184 712 2227 a
734 2167 912 2243 450-380
938 2166 1165 2229 auctoritatem
1194 2186 1301 2248 paene

236 2274 358 2337 nullam
380 2272 530 2336 habebat.
577 2270 767 2354 Comparari
800 2281 937 2351 possunt
971 2273 1034 2335 hoc
1070 2293 1143 2335 cum
1179 2273 1301 2335 iudicio

237 2402 288 2445 nn.
314 2381 368 2454 XI,
393 2380 507 2453 XXIII,
532 2378 680 2453 XXXIV,
704 2378 896 2443 LII—LIV.
943 2379 1056 2462 Populi
1087 2380 1180 2444 electi
1204 2399 1305 2460 saepe

238 2508 302 2552 non
326 2496 394 2550 tam
417 2487 565 2569 potentia
596 2506 696 2568 quam
726 2486 844 2551 virtute
875 2487 1079 2550 excellebant
1110 2496 1146 2551 ut
1178 2488 1305 2551 Achaei

236 2594 275 2661 cl.
288 2593 401 2675 Polyb.
416 2595 443 2657 ll
468 2609 519 2673 39.
532 2611 563 2673 9,
589 2593 621 2655 II
645 2596 698 2673 38,
721 2594 751 2667 6,
778 2597 807 2668 8,
836 2610 885 2668 10,
910 2592 1017 2657 Strab.
1033 2594 1108 2658 VIII
1133 2609 1151 2675 7
1175 2615 1207 2676 p.
1227 2598 1302 2674 384,

237 2702 484 2775 Mantineenses,
510 2700 737 2774 AthenIenseS,
761 2700 1012 2765 Lacedaemonii
1035 2700 1074 2763 ct'.
1090 2701 1190 2764 Arist.
1209 2702 1301 2765 Polit.

236 2810 283 2873 Vl
307 2825 324 2871 2
351 2808 399 2891 (4)
422 2810 451 2888 ξ.
477 2823 495 2869 2
518 2828 548 2889 p.
571 2809 653 2886 1318
676 2816 709 2870 et
732 2807 804 2874 Ael.
821 2829 849 2869 v.
875 2808 949 2873 hist.
975 2808 1007 2869 ll
1031 2824 1082 2871 22.
1131 2808 1304 2873 Resutatur

237 2915 287 2979 his
316 2914 474 2998 exemplis
494 2913 695 2996 aliquatenus
718 2916 807 2996 quod
830 2914 1001 2997 Ussingius
1024 2914 1067 2978 ad
1090 2935 1120 2978 n.
1148 2928 1164 2995 5
1171 2929 1185 2995 5
1213 2916 1300 2999 (LV)

242 3030 378 3087 annotat
406 3028 541 3103 »sponte
565 3021 708 3101 seqbitur
738 3031 795 3085 aut
826 3030 1073 3105 praepotentem
1108 3023 1222 3084 urbem
1236 3074 1242 3085 .
1255 3073 1262 3087 .
1276 3073 1302 3085 ..

241 3129 411 3213 provocari
442 3137 499 3191 aut
532 3128 670 3191 viciuam
706 3128 809 3209 qualis
843 3138 893 3192 est
928 3130 1198 3211 Megarensium«
1250 3130 1302 3192 De

240 3236 406 3300 vicinitate
442 3234 524 3298 infru
562 3233 741 3315 loquemur.
793 3235 909 3317 Neque
946 3244 1056 3299 tamen
1093 3236 1212 3299 mirum
1250 3248 1302 3301 est

240 3344 328 3426 quod
338 3342 529 3427 plerumque
537 3361 675 3424 magnae
686 3344 837 3407 civitates
849 3343 955 3406 aditae
971 3352 1046 3407 sunt
1059 3352 1093 3406 ut
1105 3345 1302 3407 versutiores

240 3460 274 3516 et
308 3450 478 3517 acutiores.
524 3449 632 3513 Primo
666 3459 816 3531 tempore
850 3451 893 3513 ab
927 3450 1037 3513 insulis
1069 3450 1190 3514 Insulae
1224 3461 1303 3514 sunt

240 3566 360 3631 cratae,
395 3578 414 3620 a
445 3554 582 3620 Graecia
610 3558 798 3621 continente
826 3558 922 3619 urbes
951 3555 1106 3621 Graeciae
1129 3558 1239 3638 ipsius,
1266 3570 1302 3623 ut

240 3685 300 3747 par
338 3672 388 3727 est
425 3682 499 3727 cum
537 3663 770 3727 commercium
806 3664 950 3727 nondum
984 3664 1133 3727 civitates
1167 3665 1303 3728 vinculis

242 3771 387 3855 angustis
411 3772 494 3835 inter
515 3792 552 3833 se
575 3771 804 3836 coniunxisset.
827 3767 931 3833 ‘Inde
954 3771 1054 3847 a460
1070 3771 1136 3835 sere
1151 3780 1301 3851 tempora

241 3890 275 3943 et
304 3899 355 3944 res
378 3887 504 3942 mutata
541 3887 639 3944 erant.
687 3878 824 3958 Saepius
862 3898 926 3941 una
964 3880 1144 3961 eademque
1182 3880 1301 3942 urbsa

242 3987 379 4051 diversis
417 3985 545 4069 populis
580 3984 713 4049 diversis
748 3985 952 4067 temporibus
985 3985 1148 4050 advocata
1183 3996 1232 4049 est
1266 3997 1301 4048 ut

241 4093 323 4157 Parii
356 4102 388 4155 et
417 4096 625 4173 Megarenses
654 4100 712 4166 ter,
735 4092 943 4167 Eretrienses,
969 4090 1117 4175 Carystii,
1143 4091 1295 4175 Sicyonii,

441 4398 455 4431 Ο
