2900 4559
535 338 578 349 -—
622 302 687 367 tut
734 336 777 347 -

132 522 202 567 care
239 500 343 565 vetari
380 498 417 565 cs.
438 521 488 563 vv.
506 512 644 579 42—50.
693 498 728 563 Si
759 497 831 579 quis
866 496 897 559 in
933 516 973 559 eo
1008 489 1187 561 offenderit,

137 609 345 691 quodetiam
370 608 526 691 proposui
550 606 705 690 ἐκκλήτσς
729 607 798 689 κ[σὶ
820 604 856 670 ἐν
878 602 954 687 Κέῳ
977 603 1021 665 ita
1045 609 1080 663 ut
1104 603 1188 662 Ceos

130 726 193 779 stet
228 726 303 796 post
340 714 502 798 ἐκκλὴτσς
541 716 559 779 i.
584 736 609 777 e.
634 714 792 785 Athenas,
833 711 979 775 conserat
1009 713 1044 771 C.
1058 708 1083 788 J.
1099 706 1141 769 A.
1160 706 1187 768 ll

133 824 204 903 546,
230 824 261 889 b.
278 845 306 885 v.
328 840 364 884 21
395 832 426 887 et
448 843 476 883 c.
495 836 543 901 35.
592 822 700 885 Etiam
724 843 752 883 v.
777 835 816 899 50
839 817 983 881 Koehler
1007 825 1039 879 et
1064 815 1190 877 Ditten·

129 932 246 1010 berger
280 931 319 991 de
355 930 587 1012 provocatione
622 949 806 993 sermonem
836 947 907 988 esse
939 932 1079 988 censent.
1138 920 1190 981 Ex

65 1077 70 1086 ·
130 1038 261 1103 decreto
285 1048 393 1103 autern
418 1038 489 1117 ipso
506 1037 739 1116 Dittenberger
761 1036 906 1097 hausisse
930 1032 1081 1113 nequitea
1106 1047 1189 1106 quae

130 1145 299 1209 annotavit
326 1144 401 1209 ›Cei
426 1163 474 1217 ac,
508 1145 534 1205 si
563 1145 607 1207 ibi
638 1143 845 1206 condemnati
875 1141 916 1202 ad
949 1138 1066 1202 iudicia
1089 1134 1189 1197 Athe·

130 1252 289 1317 niensium
321 1252 578 1333 provocaverint,
615 1250 786 1315 Athenis«.
834 1247 897 1329 Qui
927 1255 1017 1310 tanta
1053 1241 1189 1307 brevilo-

131 1360 262 1440 quentia
275 1358 404 1423 deiendi
417 1358 546 1440 potest?
562 1358 710 1439 Triginta
721 1358 791 1421 dies
804 1356 891 1420 nullo
904 1354 1004 1417 modo
1016 1348 1188 1420 sufficiunt,

130 1475 164 1529 ut
203 1475 335 1546 pactum
371 1466 472 1531 Ceum
507 1474 661 1547 portetur,
698 1465 742 1527 ibi
780 1464 938 1543 vulgetur,
978 1478 1095 1523 causae
1118 1454 1186 1519 ¹Cei

130 1583 276 1654 agantur,
307 1573 511 1637 condemnati
535 1574 682 1637 Athenas
707 1581 897 1653 provocent,
929 1567 1068 1633 Athenis
1092 1584 1190 1627 causa

131 1691 246 1761 agatur
259 1681 367 1743 denuo
380 1680 483 1759 (δίκας
495 1676 649 1763 ὑποσχεῖν
663 1702 714 1743 vv.
729 1682 882 1762 47-49).
912 1678 997 1741 Nam
1013 1672 1192 1758 τριάκοντα

132 1784 260 1871 ἡμερῶν
290 1788 525 1868 coniungamus
555 1809 687 1851 necesse
718 1798 768 1850 est
798 1808 872 1850 cum
902 1785 996 1858 δίκας
1025 1776 1190 1861 ὑποσχεῖν,

116 1915 194 1957 -non
238 1914 313 1957 cum
353 1892 513 1979 ἒ-νγυητάς
549 1886 785 1979 κκτσιστήσσσι,Ι
820 1894 891 1975 quis
926 1891 1010 1953 enim
1046 1887 1192 1951 crederet

132 2011 261 2065 tantum
287 2004 445 2083 temporis
469 2006 625 2068 accusatis
650 2005 763 2067 datum
778 2023 849 2065 esse
865 2000 942 2073 scil,
960 1997 1066 2078 utqui
1083 2012 1193 2056 revera

132 2109 218 2173 noxii
243 2118 360 2183 essent,
387 2110 584 2173 declarantes
607 2131 643 2173 se
666 2120 900 2193 provocaturos
917 2126 987 2170 esse
1003 2103 1192 2185 effugerent,

131 2226 307 2297 postquam
353 2236 412 2296 per
457 2238 531 2280 eum
578 2238 722 2279 mensem
769 2225 926 2298 quantum
965 2223 1116 2297 poterant
1161 2212 1193 2271 in

130 2330 201 2387 tuto
225 2324 465 2387 collocaverunt
490 2335 521 2387 et
545 2325 589 2386 ita
613 2344 696 2405 quae
720 2344 771 2391 vv.
785 2342 823 2401 41
845 2343 914 2403 sqq.
934 2323 1104 2386 voluerunt
1127 2318 1191 2382 effi-

134 2451 207 2493 cere
224 2432 309 2494 irrita
325 2431 486 2495 iecerunt?
521 2434 696 2495 Praeterea
719 2428 878 2515 ἔκκλητσς
900 2428 997 2507 πόλις
1011 2428 1194 2509 significare

133 2557 198 2599 uon
224 2548 335 2619 potest
358 2541 417 2602 nisi
442 2541 565 2612 urbem,
591 2560 674 2621 quae
697 2549 753 2603 aut
777 2548 912 2601 evocata
929 2547 978 2601 est
994 2547 1050 2601 aut
1066 2536 1193 2599 evocari

133 2655 255 2727 potest,
290 2668 426 2729 quarum
461 2647 711 2729 explicationum
747 2648 846 2709 altera
880 2647 922 2709 de
960 2644 1194 2725 provocatione

134 2752 212 2815 nihil
236 2754 362 2835 probat,
400 2754 498 2817 altera
535 2755 677 2817 ostendit
712 2755 755 2818 ab
792 2754 879 2828 urbe,
911 2754 952 2815 de
980 2773 1044 2833 qua
1079 2752 1192 2832 agitur,

135 2880 326 2923 concessum
357 2882 437 2936 esse,
468 2872 502 2923 ut
531 2862 569 2925 lis
598 2863 694 2925 etiam
720 2862 794 2924 alibi
818 2861 1027 2923 decideretur.
1076 2858 1140 2921 Cur
1162 2880 1192 2922 v.

138 2980 177 3045 50
199 2968 300 3031 verba
323 2966 359 3033 ἐν
382 2972 424 3051 τῇ
448 2968 598 3053 ἐκκλήτῳ
622 2968 717 3033 πόλει
742 2970 852 3032 addita
882 2989 953 3031 esse
982 2966 1094 3040 credis
1124 2966 1192 3039 nisi,

134 3085 169 3137 ut
202 3075 302 3137 libera
334 3076 476 3139 Ceorurn
505 3076 655 3141 voluntas
683 3077 803 3140 talibus
832 3077 863 3138 in
897 3076 1001 3138 causis
1035 3072 1194 3154 significa·

135 3182 240 3245 retur?
274 3183 390 3263 Neque
413 3185 587 3250 obieceris:
617 3193 650 3247 at
673 3204 785 3246 revera
801 3183 1019 3246 Athenienses
1035 3182 1195 3242 iusserunt

135 3290 178 3351 ita
193 3291 439 3370 procedendum
456 3311 536 3363 esse,
554 3312 627 3353 cum
640 3291 852 3373 proposuisse
865 3291 1064 3363 viderentur;
1089 3306 1195 3367 neque

136 3397 219 3459 enim
246 3399 323 3459 socii
347 3400 518 3482 proposita
542 3418 607 3462 non
630 3399 771 3480 probare
786 3398 959 3464 audebant.
996 3397 1080 3458 Nam
1097 3395 1194 3456 etiam

135 3513 212 3585 post
239 3506 301 3583 196
325 3503 450 3579 Graeci,
477 3506 566 3585 quod
589 3505 747 3568 Romanis
770 3506 898 3568 arbitris
921 3511 1063 3577 utuntur,
1081 3522 1195 3582 reapse

137 3620 270 3673 utuntur
293 3613 438 3675 dominis.
483 3613 598 3694 Neque
623 3620 701 3685 erat,
727 3631 783 3673 cur
799 3611 855 3674 Cei
870 3612 1018 3675 Athenas
1034 3606 1196 3691 ἔκκλητον

134 3716 234 3783 πόλιν
265 3706 330 3782 non
363 3729 522 3795 crearent;
554 3728 620 3781 erat
652 3719 738 3783 enim
772 3720 914 3782 maxime
942 3740 960 3781 e
985 3738 1018 3779 re
1042 3717 1140 3799 partis
1163 3725 1196 3776 et

135 3828 290 3890 subactae
314 3838 347 3891 et
371 3828 528 3897 redactae,
555 3848 595 3889 ne
620 3828 737 3889 iterum
761 3826 921 3889 discordia
944 3834 1015 3887 orta
1043 3824 1194 3886 alterutra

136 3954 210 4013 pars
249 3935 416 4016 fugaretur
454 3944 509 3996 aut
547 3933 685 4013 litiganti
725 3935 869 3997 maxime
908 3933 1142 3996 obtrectaretur
1176 3950 1195 3991 a

136 4040 303 4116 iudicibus
329 4043 382 4123 qui
407 4042 591 4105 adversario
608 4043 676 4104 eius
692 4042 853 4105 favebant.
891 4041 961 4103 Nisi
977 4037 1194 4101 Athenienses

137 4170 171 4211 se
197 4150 473 4231 interposuissent,
509 4157 599 4211 certe
622 4150 664 4211 ab
688 4157 824 4229 utraque
854 4158 946 4230 parte
973 4166 1072 4229 saepe
1094 4165 1136 4207 ex
1159 4146 1198 4215 iis
