2900 4559
574 270 797 335 ..39-

158 464 285 541 Rhodii,
325 464 449 551 Gnosii
488 465 587 529 Samii
625 464 683 529 bls.
730 466 781 528 De
815 465 971 528 Romanis
1005 464 1086 527 infra
1116 462 1216 527 verba

157 574 279 637 faciam.
325 573 456 637 Accidit
479 592 620 656 quoque,
654 580 778 635 utnon
808 593 850 636 ex
878 592 942 635 una
971 574 1029 635 sed
1058 592 1099 634 ex
1130 591 1215 633 com-

160 680 303 762 pluribus
338 681 523 743 civitatibus
556 690 793 743 arcesserentur
826 680 958 754 iudices,
997 680 1043 741 sic
1070 697 1103 741 n.
1134 680 1147 740 Ι
1174 678 1217 741 ab

158 788 356 869 Erythraeo,
376 786 501 862 Samiis,
519 787 738 870 Colophoniis
763 808 792 849 n.
808 787 855 853 Vl
877 787 1147 850 commendantur
1168 806 1216 848 ur-

157 896 214 958 bes
229 895 538 978 Peloponnesiacae,
552 916 582 958 n.
596 894 690 957 XXV
702 914 720 957 e
732 894 861 969 Rhodo,
879 892 974 967 Delo,
990 894 1086 971 Paro,
1102 902 1217 975 quarta

156 1002 295 1081 civitate,
320 1002 466 1076 XXVIII,
494 1018 510 1081 3
541 1022 559 1063 a
589 999 715 1074 Samiis
752 1000 973 1081 Colophoniis,
998 1000 1215 1081 Magnetibus.

157 1107 268 1171 Unum
290 1110 443 1188 idemque
465 1109 605 1171 tribunal
632 1109 853 1190 compositum
885 1108 982 1171 luisse
1015 1128 1080 1170 non
1110 1107 1216 1169 solum

156 1236 174 1276 e
190 1215 377 1277 civitatibus
400 1234 524 1297 aequae
546 1215 714 1298 potentiae
732 1212 796 1278 'sed
819 1216 917 1278 etiam
933 1215 1078 1277 diversae
1097 1232 1216 1295 cogno-

154 1322 228 1385 visti
261 1342 366 1403 neque
397 1331 506 1386 tamen
537 1323 720 1407 miraberis3
761 1342 836 1388 nam
871 1332 908 1385 ut
940 1320 1216 1404 Amphictyoniae

154 1430 284 1509 saepius
306 1429 427 1492 iudices
443 1427 705 1493 adsciscebantur
719 1449 827 1510 neque
841 1447 921 1492 vero
936 1428 1217 1511 amplectebantur

152 1556 208 1599 eas
231 1536 317 1600 solas
340 1538 494 1609 civitates,
521 1556 604 1617 quae
626 1536 745 1599 eadem
767 1536 923 1599 adunam
947 1556 1062 1599 ornnes
1084 1536 1215 1599 uteban-

152 1652 205 1706 tur
227 1644 381 1723 potentia,
414 1644 458 1705 ita
487 1642 580 1705 huius
610 1645 655 1706 rei
687 1644 797 1725 imago
824 1650 901 1706 sunt
931 1643 1081 1726 exempla
1111 1642 1215 1706 allata.

153 1750 190 1812 Id
225 1770 323 1812 unum
370 1750 503 1813 Interest
547 1750 637 1833 quod
683 1749 940 1833 Amphictyonia
985 1759 1036 1813 est
1066 1749 1214 1823 societas,

149 1858 296 1921 civitates
320 1856 340 1922 l.
365 1857 383 1923 l.
403 1858 525 1919 accitae
549 1878 615 1920 non
631 1858 687 1920 ita·
730 1857 882 1939 Excepto
897 1856 977 1920 licto
992 1857 1047 1920 illo
1063 1856 1216 1937 exemplo

150 1961 244 2029 Pa'us,
260 1964 306 2029 IV
326 1977 375 2044 5‚2
394 1968 436 2046 (p.
455 1981 477 2043 9
493 1965 567 2027 adn.
594 1966 625 2045 2)
650 1984 691 2026 ex
715 1962 866 2027 affinibus
890 1965 1072 2027 ciuitatibus
1094 1965 1216 2027 iudices

148 2088 308 2153 nusquam
346 2071 438 2135 electi
476 2080 551 2135 sunt
588 2072 801 2133 verisImiliter
837 2071 957 2133 idcirco
991 2072 1080 2152 quod
1102 2073 1215 2134 civitas

147 2196 232 2257 quae
266 2179 391 2259 utrique
420 2180 503 2258 parti
534 2179 776 2258 consanguinea
807 2187 901 2253 esset,
934 2186 1021 2241 certe
1054 2180 1216 2242 rarissime

146 2285 310 2358 exstabat,
341 2286 431 2347 alteri
462 2284 565 2347 atiinis
589 2294 676 2349 certe
700 2285 902 2359 creberrime,
927 2284 985 2347 sed
1015 2284 1115 2347 altera
1138 2304 1212 2366 pars

150 2412 223 2453 eam
260 2412 324 2453 non
363 2393 552 2474 accepisset,
591 2413 632 2455 ne
670 2392 864 2474 propinquis
900 2393 996 2455 nimis
1034 2393 1212 2475 prodesset.

146 2500 287 2563 Essetne
310 2499 452 2582 populus
475 2500 573 2561 iudex
604 2499 750 2563 eiusdem
780 2498 914 2580 originis
938 2509 1037 2579 atque
1059 2500 1130 2581 ipsI,
1155 2499 1213 2562 liti-

147 2615 267 2688 gantes
303 2624 369 2668 non
404 2615 563 2669 curarunt.
613 2607 750 2669 Interest
782 2607 872 2687 quod
906 2606 1007 2668 Asiae
1041 2606 1155 2669 civitas
1177 2607 1212 2668 ri-

151 2734 234 2777 xans
247 2732 321 2775 cum
335 2712 481 2775 Asiatica
494 2732 551 2777 usa
564 2723 612 2776 est
623 2714 745 2777 arbitra
755 2721 812 2776 aut
823 2713 903 2776 urbe
914 2712 1015 2775 Asiae
1031 2722 1087 2775 aut
1099 2713 1212 2789 insula,

151 2840 217 2883 non
253 2819 392 2896 Graeca,
423 2820 525 2882 insula
561 2840 635 2882 cum
667 2819 775 2883 insula
808 2828 841 2883 et
876 2820 957 2882 Asia
984 2828 1026 2882 et'
1050 2820 1152 2883 insula
1181 2830 1215 2885 et

149 2926 306 3007 Graecia,
323 2925 462 2991 Graecia
485 2928 567 2991 inter
589 2945 624 2988 se
648 2928 751 2989 insula
771 2936 829 2990 aut
843 2924 989 3001 Graecia,
1013 2928 1092 2989 item
1112 2929 1215 2993 insula

146 3054 223 3097 cum
236 3033 318 3097 Asia
330 3034 441 3108 insula,
466 3034 567 3097 insula
578 3052 652 3097 eum
665 3032 802 3097 Graecia
814 3032 971 3098 Graeciae
996 3035 1092 3116 urbe3
1104 3036 1214 3101 obstat

148 3160 250 3203 unum
275 3140 479 3220 exemplum:
518 3141 743 3205 Melitaeenses
776 3143 864 3204 enim
898 3151 932 3205 et
965 3141 1214 3207 Narthacienses

146 3257 316 3311 arcessunt
338 3270 367 3313 n.
391 3247 529 3311 XXVIII
554 3265 571 3327 3
603 3247 741 3324 Samios,
769 3247 1001 3331 Colophonios,
1033 3248 1213 3331 Magnetas,

149 3358 208 3418 sed
224 3356 287 3417 hoc
303 3374 435 3437 quoque
446 3356 633 3438 exemplum
644 3356 890 3437 quodammodo
902 3356 953 3419 est
969 3356 1072 3437 elege
1082 3365 1211 3421 statuta.

150 3461 234 3525 Cum
258 3462 339 3524 haec
362 3462 538 3525 scriberem
561 3463 704 3542 cogitavi
727 3464 769 3525 de
798 3482 849 3525 nn.
881 3463 1067 3539 l-XLVll,
1098 3482 1212 3527 conve·

144 3570 238 3632 niunt
268 3578 378 3633 autern
402 3569 499 3634 ceteri
522 3588 666 3650 quoque;
704 3569 917 3649 quinetiam
946 3570 1091 3633 Romani
1124 3570 1208 3634 hanc

147 3686 363 3739 servaverunt
393 3674 661 3740 consuetudinem
685 3676 717 3738 in
740 3675 898 3757 eligendis
923 3677 1049 3739 arbitris
1072 3686 1213 3759 excepto

148 3802 180 3844 n.
204 3783 241 3855 L
268 3783 309 3843 de
332 3802 399 3863 quo
423 3782 506 3847 infra
528 3770 660 3846 dicetu'r.
707 3783 761 3845 Ex
782 3782 845 3845 hac
867 3783 992 3845 ratione
1015 3783 1162 3858 efficitur,
1186 3784 1213 3846 si

150 3898 267 3952 auctor
303 3889 384 3951 tituli
419 3888 552 3951 alicuius
582 3909 600 3950 e
628 3890 712 3952 tituli
746 3888 853 3952 verbis
887 3890 956 3951 erui
990 3909 1056 3952 non
1092 3899 1211 3970 potest,

147 3996 250 4059 altera
277 4004 386 4058 autem
410 4004 444 4059 et
466 3995 580 4059 civitas
604 4005 637 4060 et
667 3996 764 4059 tertia
796 4005 896 4060 notae
928 4006 1012 4071 sunt,
1048 3997 1213 4061 civitatem

150 4104 389 4176 decernentem,
414 4104 438 4165 si
467 4103 567 4167 altera
601 4113 635 4167 et
668 4104 763 4165 tertia
795 4114 872 4170 sunt
906 4103 1079 4179 Asiaticae,
1115 4104 1213 4171 fuisse
