<?xml version="1.0" encoding="UTF-8"?>
<!DOCTYPE html PUBLIC "-//W3C//DTD XHTML 1.0 Transitional//EN"
    "http://www.w3.org/TR/xhtml1/DTD/xhtml1-transitional.dtd">
<html xmlns="http://www.w3.org/1999/xhtml" xml:lang="en" lang="en">
 <head>
  <title>
</title>
<meta http-equiv="Content-Type" content="text/html;charset=utf-8" />
  <meta name='ocr-system' content='tesseract 3.04.00' />
  <meta name='ocr-capabilities' content='ocr_page ocr_carea ocr_par ocr_line ocrx_word'/>
</head>
<body>
  <div class='ocr_page' id='page_1' title='image "./dearbitrisexter00sonngoog_0010.png"; bbox 0 0 2900 4559; ppageno 0'>
   <div class='ocr_carea' id='block_1_1' title="bbox 669 291 867 353">
    <p class='ocr_par' dir='ltr' id='par_1_1' title="bbox 669 291 867 353">
     <span class='ocr_line' id='line_1_1' title="bbox 669 291 867 353; baseline 0 -16"><span class='ocrx_word' id='word_1_1' title='bbox 669 291 867 353; x_wconf 63' lang='grc'>..6,</span> 
     </span>
    </p>
   </div>
   <div class='ocr_carea' id='block_1_2' title="bbox 242 482 1310 2066">
    <p class='ocr_par' dir='ltr' id='par_1_2' title="bbox 242 482 1310 2066">
     <span class='ocr_line' id='line_1_2' title="bbox 242 482 1302 569; baseline -0.001 -21"><span class='ocrx_word' id='word_1_2' title='bbox 242 483 405 549; x_wconf 87' lang='lat' dir='ltr'>conferam</span> <span class='ocrx_word' id='word_1_3' title='bbox 429 483 559 548; x_wconf 89' lang='lat' dir='ltr'>duobus</span> <span class='ocrx_word' id='word_1_4' title='bbox 581 483 710 549; x_wconf 87' lang='lat' dir='ltr'>alterius</span> <span class='ocrx_word' id='word_1_5' title='bbox 733 484 833 569; x_wconf 91' lang='lat' dir='ltr'>partis</span> <span class='ocrx_word' id='word_1_6' title='bbox 849 483 1021 569; x_wconf 83' lang='lat' dir='ltr'>capitibus.</span> <span class='ocrx_word' id='word_1_7' title='bbox 1065 482 1207 567; x_wconf 86' lang='lat' dir='ltr'>Singulis</span> <span class='ocrx_word' id='word_1_8' title='bbox 1223 482 1302 548; x_wconf 90' lang='lat' dir='ltr'>locis</span> 
     </span>
     <span class='ocr_line' id='line_1_3' title="bbox 243 593 1303 676; baseline -0.001 -21"><span class='ocrx_word' id='word_1_9' title='bbox 243 593 391 667; x_wconf 87' lang='lat' dir='ltr'>adiciam,</span> <span class='ocrx_word' id='word_1_10' title='bbox 416 594 443 656; x_wconf 90' lang='lat' dir='ltr'>si</span> <span class='ocrx_word' id='word_1_11' title='bbox 466 612 550 674; x_wconf 88' lang='lat' dir='ltr'>quae</span> <span class='ocrx_word' id='word_1_12' title='bbox 574 593 773 672; x_wconf 83' lang='lat' dir='ltr'>excogitasse</span> <span class='ocrx_word' id='word_1_13' title='bbox 797 593 875 657; x_wconf 91' lang='lat' dir='ltr'>mihi</span> <span class='ocrx_word' id='word_1_14' title='bbox 898 594 1011 656; x_wconf 88' lang='lat' dir='ltr'>videor</span> <span class='ocrx_word' id='word_1_15' title='bbox 1027 593 1067 656; x_wconf 92' lang='lat' dir='ltr'>de</span> <span class='ocrx_word' id='word_1_16' title='bbox 1083 601 1231 676; x_wconf 88' lang='lat' dir='ltr'>tempore</span> <span class='ocrx_word' id='word_1_17' title='bbox 1246 601 1303 656; x_wconf 90' lang='lat' dir='ltr'>aut</span> 
     </span>
     <span class='ocr_line' id='line_1_4' title="bbox 243 699 1303 783; baseline -0.001 -21"><span class='ocrx_word' id='word_1_18' title='bbox 243 700 284 762; x_wconf 91' lang='lat' dir='ltr'>de</span> <span class='ocrx_word' id='word_1_19' title='bbox 307 701 431 782; x_wconf 85' lang='lat' dir='ltr'>origine</span> <span class='ocrx_word' id='word_1_20' title='bbox 455 700 620 764; x_wconf 88' lang='lat' dir='ltr'>titulorum</span> <span class='ocrx_word' id='word_1_21' title='bbox 643 709 698 763; x_wconf 90' lang='lat' dir='ltr'>aut</span> <span class='ocrx_word' id='word_1_22' title='bbox 721 701 763 764; x_wconf 92' lang='lat' dir='ltr'>de</span> <span class='ocrx_word' id='word_1_23' title='bbox 782 702 917 775; x_wconf 89' lang='lat' dir='ltr'>ratione,</span> <span class='ocrx_word' id='word_1_24' title='bbox 942 721 1008 783; x_wconf 90' lang='lat' dir='ltr'>qua</span> <span class='ocrx_word' id='word_1_25' title='bbox 1030 700 1153 764; x_wconf 89' lang='lat' dir='ltr'>lacunis</span> <span class='ocrx_word' id='word_1_26' title='bbox 1177 699 1303 762; x_wconf 90' lang='lat' dir='ltr'>medela</span> 
     </span>
     <span class='ocr_line' id='line_1_5' title="bbox 243 805 1302 890; baseline -0.001 -21"><span class='ocrx_word' id='word_1_27' title='bbox 243 806 426 870; x_wconf 90' lang='lat' dir='ltr'>adhibenda</span> <span class='ocrx_word' id='word_1_28' title='bbox 442 808 491 870; x_wconf 90' lang='lat' dir='ltr'>sit.</span> <span class='ocrx_word' id='word_1_29' title='bbox 520 805 603 870; x_wconf 91' lang='lat' dir='ltr'>Cum</span> <span class='ocrx_word' id='word_1_30' title='bbox 618 808 766 871; x_wconf 81' lang='lat' dir='ltr'>timerem</span> <span class='ocrx_word' id='word_1_31' title='bbox 784 828 824 870; x_wconf 89' lang='lat' dir='ltr'>ne</span> <span class='ocrx_word' id='word_1_32' title='bbox 839 808 1031 890; x_wconf 76' lang='lat' dir='ltr'>typothetae</span> <span class='ocrx_word' id='word_1_33' title='bbox 1043 808 1138 870; x_wconf 91' lang='lat' dir='ltr'>nimis</span> <span class='ocrx_word' id='word_1_34' title='bbox 1150 826 1302 889; x_wconf 83' lang='lat' dir='ltr'>magnam</span> 
     </span>
     <span class='ocr_line' id='line_1_6' title="bbox 243 912 1305 997; baseline -0.002 -21"><span class='ocrx_word' id='word_1_35' title='bbox 243 913 434 996; x_wconf 86' lang='lat' dir='ltr'>praeberem</span> <span class='ocrx_word' id='word_1_36' title='bbox 458 912 690 989; x_wconf 84' lang='lat' dir='ltr'>difficultatem,</span> <span class='ocrx_word' id='word_1_37' title='bbox 714 935 781 977; x_wconf 92' lang='lat' dir='ltr'>non</span> <span class='ocrx_word' id='word_1_38' title='bbox 805 914 941 978; x_wconf 89' lang='lat' dir='ltr'>discrevi</span> <span class='ocrx_word' id='word_1_39' title='bbox 964 935 1048 997; x_wconf 90' lang='lat' dir='ltr'>quae</span> <span class='ocrx_word' id='word_1_40' title='bbox 1071 915 1115 978; x_wconf 91' lang='lat' dir='ltr'>ab</span> <span class='ocrx_word' id='word_1_41' title='bbox 1138 914 1206 977; x_wconf 90' lang='lat' dir='ltr'>aliis</span> <span class='ocrx_word' id='word_1_42' title='bbox 1228 914 1305 976; x_wconf 89' lang='lat' dir='ltr'>viris</span> 
     </span>
     <span class='ocr_line' id='line_1_7' title="bbox 244 1018 1302 1104; baseline 0.004 -23"><span class='ocrx_word' id='word_1_43' title='bbox 244 1021 308 1083; x_wconf 89' lang='lat' dir='ltr'>iam</span> <span class='ocrx_word' id='word_1_44' title='bbox 331 1018 458 1101; x_wconf 88' lang='lat' dir='ltr'>prolata</span> <span class='ocrx_word' id='word_1_45' title='bbox 480 1029 568 1084; x_wconf 89' lang='lat' dir='ltr'>recte</span> <span class='ocrx_word' id='word_1_46' title='bbox 591 1020 742 1103; x_wconf 89' lang='lat' dir='ltr'>suppleta</span> <span class='ocrx_word' id='word_1_47' title='bbox 765 1040 835 1086; x_wconf 87' lang='lat' dir='ltr'>csse</span> <span class='ocrx_word' id='word_1_48' title='bbox 858 1022 968 1085; x_wconf 88' lang='lat' dir='ltr'>censui</span> <span class='ocrx_word' id='word_1_49' title='bbox 990 1031 1024 1085; x_wconf 89' lang='lat' dir='ltr'>et</span> <span class='ocrx_word' id='word_1_50' title='bbox 1039 1041 1123 1102; x_wconf 90' lang='lat' dir='ltr'>quae</span> <span class='ocrx_word' id='word_1_51' title='bbox 1139 1022 1209 1104; x_wconf 92' lang='lat' dir='ltr'>ipse</span> <span class='ocrx_word' id='word_1_52' title='bbox 1225 1021 1302 1085; x_wconf 91' lang='lat' dir='ltr'>erui.</span> 
     </span>
     <span class='ocr_line' id='line_1_8' title="bbox 245 1127 1306 1203; baseline -0.001 -14"><span class='ocrx_word' id='word_1_53' title='bbox 245 1127 332 1190; x_wconf 91' lang='lat' dir='ltr'>Tum</span> <span class='ocrx_word' id='word_1_54' title='bbox 349 1127 479 1191; x_wconf 90' lang='lat' dir='ltr'>demum</span> <span class='ocrx_word' id='word_1_55' title='bbox 497 1148 586 1192; x_wconf 89' lang='lat' dir='ltr'>meas</span> <span class='ocrx_word' id='word_1_56' title='bbox 602 1127 693 1191; x_wconf 91' lang='lat' dir='ltr'>attuli</span> <span class='ocrx_word' id='word_1_57' title='bbox 709 1128 921 1203; x_wconf 88' lang='lat' dir='ltr'>coniecturas,</span> <span class='ocrx_word' id='word_1_58' title='bbox 939 1148 1014 1192; x_wconf 91' lang='lat' dir='ltr'>cum</span> <span class='ocrx_word' id='word_1_59' title='bbox 1036 1128 1089 1191; x_wconf 90' lang='lat' dir='ltr'>alii</span> <span class='ocrx_word' id='word_1_60' title='bbox 1105 1127 1171 1192; x_wconf 87' lang='lat' dir='ltr'>fere</span> <span class='ocrx_word' id='word_1_61' title='bbox 1188 1127 1306 1191; x_wconf 90' lang='lat' dir='ltr'>nullam</span> 
     </span>
     <span class='ocr_line' id='line_1_9' title="bbox 245 1233 1304 1318; baseline 0 -22"><span class='ocrx_word' id='word_1_62' title='bbox 245 1233 394 1298; x_wconf 91' lang='lat' dir='ltr'>lacunam</span> <span class='ocrx_word' id='word_1_63' title='bbox 413 1235 621 1318; x_wconf 88' lang='lat' dir='ltr'>expleverint.</span> <span class='ocrx_word' id='word_1_64' title='bbox 648 1233 791 1299; x_wconf 91' lang='lat' dir='ltr'>Omnino</span> <span class='ocrx_word' id='word_1_65' title='bbox 804 1236 894 1299; x_wconf 89' lang='lat' dir='ltr'>uncis</span> <span class='ocrx_word' id='word_1_66' title='bbox 905 1236 1075 1317; x_wconf 76' lang='lat' dir='ltr'>rotundis(</span> <span class='ocrx_word' id='word_1_67' title='bbox 1109 1237 1212 1317; x_wconf 91' lang='lat' dir='ltr'>)usus</span> <span class='ocrx_word' id='word_1_68' title='bbox 1223 1254 1304 1307; x_wconf 94' lang='lat' dir='ltr'>sum,</span> 
     </span>
     <span class='ocr_line' id='line_1_10' title="bbox 246 1340 1308 1419; baseline 0.001 -15"><span class='ocrx_word' id='word_1_69' title='bbox 246 1340 300 1404; x_wconf 90' lang='lat' dir='ltr'>ubi</span> <span class='ocrx_word' id='word_1_70' title='bbox 316 1341 440 1405; x_wconf 89' lang='lat' dir='ltr'>litterae</span> <span class='ocrx_word' id='word_1_71' title='bbox 463 1342 603 1405; x_wconf 88' lang='lat' dir='ltr'>omissae</span> <span class='ocrx_word' id='word_1_72' title='bbox 619 1342 791 1405; x_wconf 90' lang='lat' dir='ltr'>addendae</span> <span class='ocrx_word' id='word_1_73' title='bbox 806 1352 883 1416; x_wconf 89' lang='lat' dir='ltr'>erat,</span> <span class='ocrx_word' id='word_1_74' title='bbox 909 1343 999 1406; x_wconf 93' lang='lat' dir='ltr'>uncis</span> <span class='ocrx_word' id='word_1_75' title='bbox 1021 1342 1129 1406; x_wconf 87' lang='lat' dir='ltr'>fractis</span> <span class='ocrx_word' id='word_1_76' title='bbox 1150 1355 1193 1416; x_wconf 91' lang='lat'>&lt;</span> <span class='ocrx_word' id='word_1_77' title='bbox 1207 1358 1249 1419; x_wconf 90' lang='lat'>&gt;</span> <span class='ocrx_word' id='word_1_78' title='bbox 1272 1350 1308 1405; x_wconf 89' lang='lat' dir='ltr'>ut</span> 
     </span>
     <span class='ocr_line' id='line_1_11' title="bbox 246 1448 1308 1537; baseline 0.001 -28"><span class='ocrx_word' id='word_1_79' title='bbox 246 1448 400 1511; x_wconf 90' lang='lat' dir='ltr'>mendum</span> <span class='ocrx_word' id='word_1_80' title='bbox 431 1457 560 1512; x_wconf 88' lang='lat' dir='ltr'>exstare</span> <span class='ocrx_word' id='word_1_81' title='bbox 593 1449 809 1523; x_wconf 86' lang='lat' dir='ltr'>ostenderem,</span> <span class='ocrx_word' id='word_1_82' title='bbox 846 1450 935 1513; x_wconf 92' lang='lat' dir='ltr'>uncis</span> <span class='ocrx_word' id='word_1_83' title='bbox 969 1449 1133 1529; x_wconf 94' lang='lat' dir='ltr'>quadratis</span> <span class='ocrx_word' id='word_1_84' title='bbox 1168 1450 1181 1537; x_wconf 94' lang='lat'>[</span> <span class='ocrx_word' id='word_1_85' title='bbox 1225 1448 1237 1534; x_wconf 95' lang='grc'><strong>]</strong></span> <span class='ocrx_word' id='word_1_86' title='bbox 1273 1456 1308 1511; x_wconf 89' lang='lat' dir='ltr'>ut</span> 
     </span>
     <span class='ocr_line' id='line_1_12' title="bbox 245 1553 1307 1639; baseline 0.001 -23"><span class='ocrx_word' id='word_1_87' title='bbox 245 1553 375 1617; x_wconf 85' lang='lat' dir='ltr'>lacunas</span> <span class='ocrx_word' id='word_1_88' title='bbox 404 1555 576 1639; x_wconf 85' lang='lat' dir='ltr'>explerem.</span> <span class='ocrx_word' id='word_1_89' title='bbox 622 1554 698 1637; x_wconf 83' lang='lat' dir='ltr'>Quo</span> <span class='ocrx_word' id='word_1_90' title='bbox 725 1564 834 1618; x_wconf 88' lang='lat' dir='ltr'>autem</span> <span class='ocrx_word' id='word_1_91' title='bbox 862 1554 984 1619; x_wconf 80' lang='lat' dir='ltr'>facilius</span> <span class='ocrx_word' id='word_1_92' title='bbox 1010 1564 1080 1620; x_wconf 90' lang='lat' dir='ltr'>tota</span> <span class='ocrx_word' id='word_1_93' title='bbox 1109 1577 1159 1621; x_wconf 90' lang='lat' dir='ltr'>res</span> <span class='ocrx_word' id='word_1_94' title='bbox 1188 1556 1307 1637; x_wconf 88' lang='lat' dir='ltr'>perspi-</span> 
     </span>
     <span class='ocr_line' id='line_1_13' title="bbox 246 1661 1307 1746; baseline 0.001 -23"><span class='ocrx_word' id='word_1_95' title='bbox 246 1661 356 1734; x_wconf 87' lang='lat' dir='ltr'>ciatur,</span> <span class='ocrx_word' id='word_1_96' title='bbox 373 1663 513 1744; x_wconf 89' lang='lat' dir='ltr'>primum</span> <span class='ocrx_word' id='word_1_97' title='bbox 529 1663 637 1726; x_wconf 90' lang='lat' dir='ltr'>omnia</span> <span class='ocrx_word' id='word_1_98' title='bbox 659 1663 809 1746; x_wconf 89' lang='lat' dir='ltr'>exempla</span> <span class='ocrx_word' id='word_1_99' title='bbox 831 1664 1030 1726; x_wconf 89' lang='lat' dir='ltr'>enumerabo</span> <span class='ocrx_word' id='word_1_100' title='bbox 1046 1683 1087 1725; x_wconf 87' lang='lat' dir='ltr'>ex</span> <span class='ocrx_word' id='word_1_101' title='bbox 1103 1665 1216 1727; x_wconf 90' lang='lat' dir='ltr'>ordine</span> <span class='ocrx_word' id='word_1_102' title='bbox 1230 1672 1307 1725; x_wconf 90' lang='lat' dir='ltr'>tem·</span> 
     </span>
     <span class='ocr_line' id='line_1_14' title="bbox 248 1770 1308 1855; baseline 0.001 -24"><span class='ocrx_word' id='word_1_103' title='bbox 248 1770 336 1850; x_wconf 91' lang='lat' dir='ltr'>poris</span> <span class='ocrx_word' id='word_1_104' title='bbox 363 1778 395 1833; x_wconf 89' lang='lat' dir='ltr'>et</span> <span class='ocrx_word' id='word_1_105' title='bbox 422 1771 527 1850; x_wconf 88' lang='lat' dir='ltr'>primo</span> <span class='ocrx_word' id='word_1_106' title='bbox 556 1770 629 1834; x_wconf 91' lang='lat' dir='ltr'>loco</span> <span class='ocrx_word' id='word_1_107' title='bbox 653 1790 699 1845; x_wconf 85' lang='lat' dir='ltr'>ea,</span> <span class='ocrx_word' id='word_1_108' title='bbox 725 1791 809 1851; x_wconf 90' lang='lat' dir='ltr'>quae</span> <span class='ocrx_word' id='word_1_109' title='bbox 832 1779 920 1834; x_wconf 90' lang='lat' dir='ltr'>certe</span> <span class='ocrx_word' id='word_1_110' title='bbox 949 1771 991 1833; x_wconf 88' lang='lat' dir='ltr'>ad</span> <span class='ocrx_word' id='word_1_111' title='bbox 1015 1790 1084 1833; x_wconf 90' lang='lat' dir='ltr'>rem</span> <span class='ocrx_word' id='word_1_112' title='bbox 1107 1771 1308 1855; x_wconf 88' lang='lat' dir='ltr'>propositam</span> 
     </span>
     <span class='ocr_line' id='line_1_15' title="bbox 248 1876 1310 1959; baseline 0.004 -22"><span class='ocrx_word' id='word_1_113' title='bbox 248 1885 406 1957; x_wconf 88' lang='lat' dir='ltr'>spectant,</span> <span class='ocrx_word' id='word_1_114' title='bbox 429 1878 573 1941; x_wconf 90' lang='lat' dir='ltr'>secundo</span> <span class='ocrx_word' id='word_1_115' title='bbox 590 1898 637 1952; x_wconf 92' lang='lat' dir='ltr'>ea,</span> <span class='ocrx_word' id='word_1_116' title='bbox 654 1898 738 1959; x_wconf 86' lang='lat' dir='ltr'>quae</span> <span class='ocrx_word' id='word_1_117' title='bbox 753 1876 888 1941; x_wconf 82' lang='lat' dir='ltr'>sortasse</span> <span class='ocrx_word' id='word_1_118' title='bbox 904 1877 1006 1940; x_wconf 90' lang='lat' dir='ltr'>simile</span> <span class='ocrx_word' id='word_1_119' title='bbox 1021 1877 1143 1959; x_wconf 92' lang='lat' dir='ltr'>aliquid</span> <span class='ocrx_word' id='word_1_120' title='bbox 1158 1878 1310 1958; x_wconf 88' lang='lat' dir='ltr'>amplexa</span> 
     </span>
     <span class='ocr_line' id='line_1_16' title="bbox 249 1984 1309 2066; baseline 0.005 -23"><span class='ocrx_word' id='word_1_121' title='bbox 249 1991 332 2056; x_wconf 89' lang='lat' dir='ltr'>sunt,</span> <span class='ocrx_word' id='word_1_122' title='bbox 349 1985 445 2047; x_wconf 92' lang='lat' dir='ltr'>tertio</span> <span class='ocrx_word' id='word_1_123' title='bbox 463 2005 511 2060; x_wconf 91' lang='lat' dir='ltr'>ea,</span> <span class='ocrx_word' id='word_1_124' title='bbox 528 2005 613 2066; x_wconf 90' lang='lat' dir='ltr'>quae</span> <span class='ocrx_word' id='word_1_125' title='bbox 628 1995 741 2048; x_wconf 89' lang='lat' dir='ltr'>contra</span> <span class='ocrx_word' id='word_1_126' title='bbox 755 1986 843 2048; x_wconf 91' lang='lat' dir='ltr'>viros</span> <span class='ocrx_word' id='word_1_127' title='bbox 859 1986 975 2048; x_wconf 93' lang='lat' dir='ltr'>doctos</span> <span class='ocrx_word' id='word_1_128' title='bbox 989 1985 1053 2047; x_wconf 91' lang='lat' dir='ltr'>huc</span> <span class='ocrx_word' id='word_1_129' title='bbox 1068 1984 1177 2048; x_wconf 82' lang='lat' dir='ltr'>referri</span> <span class='ocrx_word' id='word_1_130' title='bbox 1189 1986 1309 2048; x_wconf 88' lang='lat' dir='ltr'>debere</span> 
     </span>
    </p>
   </div>
   <div class='ocr_carea' id='block_1_3' title="bbox 149 2091 1312 2281">
    <p class='ocr_par' dir='ltr' id='par_1_3' title="bbox 149 2091 1312 2281">
     <span class='ocr_line' id='line_1_17' title="bbox 157 2091 1311 2175; baseline 0.002 -22"><span class='ocrx_word' id='word_1_131' title='bbox 157 2098 160 2105; x_wconf 86' lang='grc'><strong>’</strong></span> <span class='ocrx_word' id='word_1_132' title='bbox 249 2110 343 2171; x_wconf 86' lang='lat' dir='ltr'>nego.</span> <span class='ocrx_word' id='word_1_133' title='bbox 389 2091 475 2153; x_wconf 87' lang='lat' dir='ltr'>Tum</span> <span class='ocrx_word' id='word_1_134' title='bbox 499 2092 630 2155; x_wconf 91' lang='lat' dir='ltr'>demum</span> <span class='ocrx_word' id='word_1_135' title='bbox 654 2092 800 2155; x_wconf 86' lang='lat' dir='ltr'>transibo</span> <span class='ocrx_word' id='word_1_136' title='bbox 823 2093 865 2155; x_wconf 88' lang='lat' dir='ltr'>ad</span> <span class='ocrx_word' id='word_1_137' title='bbox 881 2092 1149 2175; x_wconf 88' lang='lat' dir='ltr'>contemplandas</span> <span class='ocrx_word' id='word_1_138' title='bbox 1171 2091 1311 2156; x_wconf 89' lang='lat' dir='ltr'>rationes</span> 
     </span>
     <span class='ocr_line' id='line_1_18' title="bbox 149 2199 1312 2281; baseline 0.001 -21"><span class='ocrx_word' id='word_1_139' title='bbox 149 2209 152 2213; x_wconf 86' lang='grc'><strong>’</strong></span> <span class='ocrx_word' id='word_1_140' title='bbox 249 2218 447 2273; x_wconf 90' lang='lat' dir='ltr'>communes,</span> <span class='ocrx_word' id='word_1_141' title='bbox 465 2219 546 2281; x_wconf 89' lang='lat' dir='ltr'>quas</span> <span class='ocrx_word' id='word_1_142' title='bbox 563 2208 599 2263; x_wconf 89' lang='lat' dir='ltr'>ut</span> <span class='ocrx_word' id='word_1_143' title='bbox 614 2199 816 2263; x_wconf 89' lang='lat' dir='ltr'>enuclearem</span> <span class='ocrx_word' id='word_1_144' title='bbox 832 2200 910 2262; x_wconf 93' lang='lat' dir='ltr'>mihi</span> <span class='ocrx_word' id='word_1_145' title='bbox 923 2199 1067 2280; x_wconf 86' lang='lat' dir='ltr'>contigit.</span> <span class='ocrx_word' id='word_1_146' title='bbox 1100 2199 1186 2263; x_wconf 91' lang='lat' dir='ltr'>Satis</span> <span class='ocrx_word' id='word_1_147' title='bbox 1202 2209 1312 2263; x_wconf 90' lang='lat' dir='ltr'>tamen</span> 
     </span>
    </p>
   </div>
   <div class='ocr_carea' id='block_1_4' title="bbox 250 2304 1313 2926">
    <p class='ocr_par' dir='ltr' id='par_1_4' title="bbox 250 2304 1313 2817">
     <span class='ocr_line' id='line_1_19' title="bbox 250 2304 1310 2389; baseline 0.003 -23"><span class='ocrx_word' id='word_1_148' title='bbox 250 2305 291 2367; x_wconf 89' lang='lat' dir='ltr'>sit</span> <span class='ocrx_word' id='word_1_149' title='bbox 315 2326 507 2370; x_wconf 88' lang='lat' dir='ltr'>coacervare</span> <span class='ocrx_word' id='word_1_150' title='bbox 530 2306 681 2389; x_wconf 87' lang='lat' dir='ltr'>exempla</span> <span class='ocrx_word' id='word_1_151' title='bbox 704 2306 759 2369; x_wconf 93' lang='lat' dir='ltr'>ubi</span> <span class='ocrx_word' id='word_1_152' title='bbox 783 2308 824 2370; x_wconf 94' lang='lat' dir='ltr'>de</span> <span class='ocrx_word' id='word_1_153' title='bbox 847 2304 979 2369; x_wconf 84' lang='lat' dir='ltr'>Graecis</span> <span class='ocrx_word' id='word_1_154' title='bbox 1007 2306 1121 2388; x_wconf 85' lang='lat' dir='ltr'>agitur.</span> <span class='ocrx_word' id='word_1_155' title='bbox 1168 2305 1235 2369; x_wconf 87' lang='lat' dir='ltr'>Sed</span> <span class='ocrx_word' id='word_1_156' title='bbox 1257 2326 1310 2369; x_wconf 92' lang='lat' dir='ltr'>an·</span> 
     </span>
     <span class='ocr_line' id='line_1_20' title="bbox 251 2414 1311 2495; baseline 0 -20"><span class='ocrx_word' id='word_1_157' title='bbox 251 2421 384 2495; x_wconf 89' lang='lat' dir='ltr'>tequam</span> <span class='ocrx_word' id='word_1_158' title='bbox 413 2415 455 2477; x_wconf 90' lang='lat' dir='ltr'>ad</span> <span class='ocrx_word' id='word_1_159' title='bbox 483 2416 587 2495; x_wconf 91' lang='lat' dir='ltr'>ipsam</span> <span class='ocrx_word' id='word_1_160' title='bbox 617 2434 685 2477; x_wconf 91' lang='lat' dir='ltr'>rem</span> <span class='ocrx_word' id='word_1_161' title='bbox 715 2415 879 2488; x_wconf 86' lang='lat' dir='ltr'>accedam,</span> <span class='ocrx_word' id='word_1_162' title='bbox 907 2414 941 2477; x_wconf 93' lang='lat' dir='ltr'>id</span> <span class='ocrx_word' id='word_1_163' title='bbox 970 2433 1121 2476; x_wconf 90' lang='lat' dir='ltr'>moneam</span> <span class='ocrx_word' id='word_1_164' title='bbox 1150 2418 1240 2476; x_wconf 90' lang='lat' dir='ltr'>locos</span> <span class='ocrx_word' id='word_1_165' title='bbox 1269 2435 1311 2476; x_wconf 86' lang='lat' dir='ltr'>ex</span> 
     </span>
     <span class='ocr_line' id='line_1_21' title="bbox 250 2520 1310 2603; baseline 0.005 -22"><span class='ocrx_word' id='word_1_166' title='bbox 250 2520 461 2603; x_wconf 89' lang='lat' dir='ltr'>scriptoribus</span> <span class='ocrx_word' id='word_1_167' title='bbox 484 2532 618 2586; x_wconf 88' lang='lat' dir='ltr'>coactos</span> <span class='ocrx_word' id='word_1_168' title='bbox 642 2540 696 2584; x_wconf 91' lang='lat' dir='ltr'>me</span> <span class='ocrx_word' id='word_1_169' title='bbox 724 2520 883 2602; x_wconf 89' lang='lat' dir='ltr'>imprimis</span> <span class='ocrx_word' id='word_1_170' title='bbox 906 2521 1029 2583; x_wconf 91' lang='lat' dir='ltr'>Meiero</span> <span class='ocrx_word' id='word_1_171' title='bbox 1053 2520 1106 2603; x_wconf 82' lang='lat' dir='ltr'>(cl.</span> <span class='ocrx_word' id='word_1_172' title='bbox 1124 2521 1143 2587; x_wconf 83' lang='lat' dir='ltr'>i.</span> <span class='ocrx_word' id='word_1_173' title='bbox 1168 2521 1241 2585; x_wconf 90' lang='lat' dir='ltr'>adn.</span> <span class='ocrx_word' id='word_1_174' title='bbox 1272 2523 1310 2599; x_wconf 89' lang='lat'>1).</span> 
     </span>
     <span class='ocr_line' id='line_1_22' title="bbox 253 2626 1313 2711; baseline 0 -23"><span class='ocrx_word' id='word_1_175' title='bbox 253 2627 380 2703; x_wconf 92' lang='lat' dir='ltr'>debere,</span> <span class='ocrx_word' id='word_1_176' title='bbox 406 2637 517 2693; x_wconf 85' lang='lat' dir='ltr'>contra</span> <span class='ocrx_word' id='word_1_177' title='bbox 540 2628 649 2692; x_wconf 87' lang='lat' dir='ltr'>titulos</span> <span class='ocrx_word' id='word_1_178' title='bbox 673 2648 715 2691; x_wconf 89' lang='lat' dir='ltr'>ex</span> <span class='ocrx_word' id='word_1_179' title='bbox 730 2627 893 2711; x_wconf 90' lang='lat' dir='ltr'>lapidibus</span> <span class='ocrx_word' id='word_1_180' title='bbox 909 2627 1044 2691; x_wconf 91' lang='lat' dir='ltr'>collatos</span> <span class='ocrx_word' id='word_1_181' title='bbox 1067 2627 1212 2711; x_wconf 86' lang='lat' dir='ltr'>exceptis</span> <span class='ocrx_word' id='word_1_182' title='bbox 1234 2626 1313 2689; x_wconf 89' lang='lat' dir='ltr'>locis</span> 
     </span>
     <span class='ocr_line' id='line_1_23' title="bbox 253 2736 670 2817; baseline 0.002 -19"><span class='ocrx_word' id='word_1_183' title='bbox 253 2736 428 2815; x_wconf 87' lang='lat' dir='ltr'>perpaucis</span> <span class='ocrx_word' id='word_1_184' title='bbox 451 2737 521 2816; x_wconf 89' lang='lat' dir='ltr'>ipse</span> <span class='ocrx_word' id='word_1_185' title='bbox 545 2736 670 2817; x_wconf 87' lang='lat' dir='ltr'>collegi.</span> 
     </span>
    </p>

    <p class='ocr_par' dir='ltr' id='par_1_5' title="bbox 355 2842 1214 2926">
     <span class='ocr_line' id='line_1_24' title="bbox 355 2842 1214 2926; baseline -0.001 -21"><span class='ocrx_word' id='word_1_186' title='bbox 355 2843 426 2924; x_wconf 90' lang='lat' dir='ltr'>Jam</span> <span class='ocrx_word' id='word_1_187' title='bbox 449 2844 549 2925; x_wconf 92' lang='lat' dir='ltr'>partis</span> <span class='ocrx_word' id='word_1_188' title='bbox 571 2843 695 2923; x_wconf 87' lang='lat' dir='ltr'>primae</span> <span class='ocrx_word' id='word_1_189' title='bbox 717 2842 891 2925; x_wconf 81' lang='lat' dir='ltr'>aggrediar</span> <span class='ocrx_word' id='word_1_190' title='bbox 913 2851 1012 2926; x_wconf 91' lang='lat' dir='ltr'>caput</span> <span class='ocrx_word' id='word_1_191' title='bbox 1033 2843 1214 2925; x_wconf 88' lang='lat' dir='ltr'>primum.¹)</span> 
     </span>
    </p>
   </div>
   <div class='ocr_carea' id='block_1_5' title="bbox 666 3045 909 3153">
    <p class='ocr_par' dir='ltr' id='par_1_6' title="bbox 666 3045 909 3153">
     <span class='ocr_line' id='line_1_25' title="bbox 666 3045 909 3153; baseline -0.008 -25"><span class='ocrx_word' id='word_1_192' title='bbox 666 3047 714 3128; x_wconf 86' lang='lat' dir='ltr'>A.</span> <span class='ocrx_word' id='word_1_193' title='bbox 753 3072 842 3153; x_wconf 77' lang='lat' dir='ltr'>cap,</span> <span class='ocrx_word' id='word_1_194' title='bbox 879 3045 909 3127; x_wconf 93' lang='lat' dir='ltr'>I.</span> 
     </span>
    </p>
   </div>
   <div class='ocr_carea' id='block_1_6' title="bbox 257 3199 1317 3585">
    <p class='ocr_par' dir='ltr' id='par_1_7' title="bbox 257 3199 1317 3585">
     <span class='ocr_line' id='line_1_26' title="bbox 359 3199 1315 3281; baseline -0.001 -18"><span class='ocrx_word' id='word_1_195' title='bbox 359 3200 485 3281; x_wconf 90' lang='lat' dir='ltr'>Judices</span> <span class='ocrx_word' id='word_1_196' title='bbox 503 3200 608 3265; x_wconf 74' lang='lat' dir='ltr'>&#39;creati</span> <span class='ocrx_word' id='word_1_197' title='bbox 632 3209 707 3263; x_wconf 91' lang='lat' dir='ltr'>sunt</span> <span class='ocrx_word' id='word_1_198' title='bbox 730 3210 795 3274; x_wconf 90' lang='lat' dir='ltr'>aut,</span> <span class='ocrx_word' id='word_1_199' title='bbox 821 3210 856 3263; x_wconf 92' lang='lat' dir='ltr'>ut</span> <span class='ocrx_word' id='word_1_200' title='bbox 878 3200 920 3263; x_wconf 93' lang='lat' dir='ltr'>de</span> <span class='ocrx_word' id='word_1_201' title='bbox 943 3208 1032 3262; x_wconf 90' lang='lat' dir='ltr'>certa</span> <span class='ocrx_word' id='word_1_202' title='bbox 1047 3199 1189 3280; x_wconf 90' lang='lat' dir='ltr'>quadam</span> <span class='ocrx_word' id='word_1_203' title='bbox 1215 3220 1249 3262; x_wconf 93' lang='lat' dir='ltr'>re</span> <span class='ocrx_word' id='word_1_204' title='bbox 1272 3202 1315 3276; x_wconf 79' lang='lat' dir='ltr'>iu-</span> 
     </span>
     <span class='ocr_line' id='line_1_27' title="bbox 257 3305 1315 3389; baseline 0.002 -22"><span class='ocrx_word' id='word_1_205' title='bbox 257 3306 400 3369; x_wconf 87' lang='lat' dir='ltr'>dicarent</span> <span class='ocrx_word' id='word_1_206' title='bbox 422 3315 479 3370; x_wconf 91' lang='lat' dir='ltr'>aut</span> <span class='ocrx_word' id='word_1_207' title='bbox 503 3307 713 3372; x_wconf 89' lang='lat' dir='ltr'>constitutum</span> <span class='ocrx_word' id='word_1_208' title='bbox 738 3315 787 3370; x_wconf 89' lang='lat' dir='ltr'>est</span> <span class='ocrx_word' id='word_1_209' title='bbox 810 3308 841 3369; x_wconf 94' lang='lat' dir='ltr'>in</span> <span class='ocrx_word' id='word_1_210' title='bbox 865 3306 968 3389; x_wconf 91' lang='lat' dir='ltr'>pactis</span> <span class='ocrx_word' id='word_1_211' title='bbox 992 3314 1036 3380; x_wconf 94' lang='lat' dir='ltr'>ut,</span> <span class='ocrx_word' id='word_1_212' title='bbox 1059 3306 1086 3369; x_wconf 94' lang='lat' dir='ltr'>si</span> <span class='ocrx_word' id='word_1_213' title='bbox 1103 3305 1315 3388; x_wconf 91' lang='lat' dir='ltr'>inposterum</span> 
     </span>
     <span class='ocr_line' id='line_1_28' title="bbox 257 3412 1317 3493; baseline 0.002 -18"><span class='ocrx_word' id='word_1_214' title='bbox 257 3413 426 3477; x_wconf 91' lang='lat' dir='ltr'>discidium</span> <span class='ocrx_word' id='word_1_215' title='bbox 450 3414 553 3489; x_wconf 84' lang='lat' dir='ltr'>fieret,</span> <span class='ocrx_word' id='word_1_216' title='bbox 578 3416 766 3479; x_wconf 90' lang='lat' dir='ltr'>accirentur.</span> <span class='ocrx_word' id='word_1_217' title='bbox 800 3413 872 3476; x_wconf 92' lang='lat' dir='ltr'>lllas</span> <span class='ocrx_word' id='word_1_218' title='bbox 891 3433 1005 3476; x_wconf 89' lang='lat' dir='ltr'>causas</span> <span class='ocrx_word' id='word_1_219' title='bbox 1020 3413 1126 3493; x_wconf 89' lang='lat' dir='ltr'>primo</span> <span class='ocrx_word' id='word_1_220' title='bbox 1142 3412 1214 3476; x_wconf 94' lang='lat' dir='ltr'>loco</span> <span class='ocrx_word' id='word_1_221' title='bbox 1237 3422 1317 3477; x_wconf 91' lang='lat' dir='ltr'>trac-</span> 
     </span>
     <span class='ocr_line' id='line_1_29' title="bbox 257 3530 372 3585; baseline -0.017 0"><span class='ocrx_word' id='word_1_222' title='bbox 257 3530 372 3585; x_wconf 88' lang='lat' dir='ltr'>temus.</span> 
     </span>
    </p>
   </div>
   <div class='ocr_carea' id='block_1_7' title="bbox 259 3698 1320 4213">
    <p class='ocr_par' dir='ltr' id='par_1_8' title="bbox 259 3698 1320 4213">
     <span class='ocr_line' id='line_1_30' title="bbox 369 3698 1320 3769; baseline 0.003 -18"><span class='ocrx_word' id='word_1_223' title='bbox 369 3699 387 3769; x_wconf 92' lang='lat'>¹)</span> <span class='ocrx_word' id='word_1_224' title='bbox 406 3702 446 3753; x_wconf 89' lang='lat' dir='ltr'>Ne</span> <span class='ocrx_word' id='word_1_225' title='bbox 465 3702 563 3768; x_wconf 76' lang='lat' dir='ltr'>saepius</span> <span class='ocrx_word' id='word_1_226' title='bbox 581 3702 688 3753; x_wconf 87' lang='lat' dir='ltr'>multum</span> <span class='ocrx_word' id='word_1_227' title='bbox 707 3702 780 3767; x_wconf 89' lang='lat' dir='ltr'>spatii</span> <span class='ocrx_word' id='word_1_228' title='bbox 798 3708 926 3751; x_wconf 88' lang='lat' dir='ltr'>conteram</span> <span class='ocrx_word' id='word_1_229' title='bbox 944 3702 970 3749; x_wconf 90' lang='lat' dir='ltr'>in</span> <span class='ocrx_word' id='word_1_230' title='bbox 994 3698 1135 3749; x_wconf 82' lang='lat' dir='ltr'>indicandis</span> <span class='ocrx_word' id='word_1_231' title='bbox 1155 3700 1231 3764; x_wconf 84' lang='lat' dir='ltr'>libris,</span> <span class='ocrx_word' id='word_1_232' title='bbox 1256 3720 1320 3768; x_wconf 86' lang='lat' dir='ltr'>quos</span> 
     </span>
     <span class='ocr_line' id='line_1_31' title="bbox 259 3787 1320 3857; baseline -0.005 -14"><span class='ocrx_word' id='word_1_233' title='bbox 259 3792 347 3855; x_wconf 82' lang='lat' dir='ltr'>evolvi,</span> <span class='ocrx_word' id='word_1_234' title='bbox 366 3798 390 3842; x_wconf 90' lang='lat' dir='ltr'>et</span> <span class='ocrx_word' id='word_1_235' title='bbox 409 3800 435 3842; x_wconf 92' lang='lat' dir='ltr'>ut</span> <span class='ocrx_word' id='word_1_236' title='bbox 454 3792 526 3843; x_wconf 81' lang='lat' dir='ltr'>facile</span> <span class='ocrx_word' id='word_1_237' title='bbox 544 3792 655 3842; x_wconf 84' lang='lat' dir='ltr'>videatur</span> <span class='ocrx_word' id='word_1_238' title='bbox 673 3806 738 3857; x_wconf 86' lang='lat' dir='ltr'>quos</span> <span class='ocrx_word' id='word_1_239' title='bbox 755 3789 912 3855; x_wconf 83' lang='lat' dir='ltr'>inspexerim,</span> <span class='ocrx_word' id='word_1_240' title='bbox 940 3789 1024 3839; x_wconf 87' lang='lat' dir='ltr'>statim</span> <span class='ocrx_word' id='word_1_241' title='bbox 1041 3803 1085 3837; x_wconf 85' lang='lat' dir='ltr'>eos</span> <span class='ocrx_word' id='word_1_242' title='bbox 1103 3787 1213 3852; x_wconf 81' lang='lat' dir='ltr'>afferam,</span> <span class='ocrx_word' id='word_1_243' title='bbox 1232 3803 1320 3856; x_wconf 66' lang='lat' dir='ltr'>postea</span> 
     </span>
     <span class='ocr_line' id='line_1_32' title="bbox 260 3876 1320 3947; baseline -0.002 -16"><span class='ocrx_word' id='word_1_244' title='bbox 260 3880 415 3947; x_wconf 86' lang='lat' dir='ltr'>compendiis</span> <span class='ocrx_word' id='word_1_245' title='bbox 434 3882 524 3933; x_wconf 87' lang='lat' dir='ltr'>notatis</span> <span class='ocrx_word' id='word_1_246' title='bbox 547 3889 608 3934; x_wconf 85' lang='lat' dir='ltr'>utar.</span> <span class='ocrx_word' id='word_1_247' title='bbox 645 3880 771 3931; x_wconf 86' lang='lat' dir='ltr'>Asterisco</span> <span class='ocrx_word' id='word_1_248' title='bbox 789 3879 886 3945; x_wconf 81' lang='lat' dir='ltr'>signavi</span> <span class='ocrx_word' id='word_1_249' title='bbox 905 3894 948 3928; x_wconf 87' lang='lat' dir='ltr'>eos</span> <span class='ocrx_word' id='word_1_250' title='bbox 967 3879 1051 3939; x_wconf 76' lang='lat' dir='ltr'>libros,</span> <span class='ocrx_word' id='word_1_251' title='bbox 1078 3876 1130 3941; x_wconf 88' lang='lat' dir='ltr'>qui,</span> <span class='ocrx_word' id='word_1_252' title='bbox 1148 3879 1247 3930; x_wconf 89' lang='lat' dir='ltr'>etiarnsi</span> <span class='ocrx_word' id='word_1_253' title='bbox 1265 3886 1320 3947; x_wconf 86' lang='lat' dir='ltr'>quis</span> 
     </span>
     <span class='ocr_line' id='line_1_33' title="bbox 261 3968 1088 4037; baseline -0.004 -17"><span class='ocrx_word' id='word_1_254' title='bbox 261 3971 389 4021; x_wconf 86' lang='lat' dir='ltr'>materiem</span> <span class='ocrx_word' id='word_1_255' title='bbox 409 3987 452 4021; x_wconf 90' lang='lat' dir='ltr'>eos</span> <span class='ocrx_word' id='word_1_256' title='bbox 470 3971 588 4037; x_wconf 87' lang='lat' dir='ltr'>praebere</span> <span class='ocrx_word' id='word_1_257' title='bbox 606 3969 698 4032; x_wconf 88' lang='lat' dir='ltr'>credat,</span> <span class='ocrx_word' id='word_1_258' title='bbox 718 3976 802 4019; x_wconf 75' lang='lat' dir='ltr'>tarum</span> <span class='ocrx_word' id='word_1_259' title='bbox 821 3968 883 4018; x_wconf 87' lang='lat' dir='ltr'>nulli</span> <span class='ocrx_word' id='word_1_260' title='bbox 901 3968 957 4018; x_wconf 90' lang='lat' dir='ltr'>usui</span> <span class='ocrx_word' id='word_1_261' title='bbox 976 3968 1088 4017; x_wconf 70' lang='lat' dir='ltr'>suerum:</span> 
     </span>
     <span class='ocr_line' id='line_1_34' title="bbox 262 4047 1317 4125; baseline 0 -18"><span class='ocrx_word' id='word_1_262' title='bbox 262 4061 335 4111; x_wconf 76' lang='lat' dir='ltr'>Arcb.</span> <span class='ocrx_word' id='word_1_263' title='bbox 360 4052 625 4115; x_wconf 68' lang='lat' dir='ltr'>(istemznscnaol,</span> <span class='ocrx_word' id='word_1_264' title='bbox 651 4058 731 4125; x_wconf 81' lang='lat' dir='ltr'>epigr,</span> <span class='ocrx_word' id='word_1_265' title='bbox 759 4058 934 4121; x_wconf 79' lang='lat' dir='ltr'>Mitteilungeu</span> <span class='ocrx_word' id='word_1_266' title='bbox 962 4072 1008 4105; x_wconf 87' lang='lat' dir='ltr'>aus</span> <span class='ocrx_word' id='word_1_267' title='bbox 1026 4047 1175 4116; x_wconf 74' lang='lat' dir='ltr'>Osteneich,</span> <span class='ocrx_word' id='word_1_268' title='bbox 1205 4058 1264 4116; x_wconf 81' lang='lat' dir='ltr'>edd,</span> <span class='ocrx_word' id='word_1_269' title='bbox 1286 4064 1317 4113; x_wconf 82' lang='grc'>0,</span> 
     </span>
     <span class='ocr_line' id='line_1_35' title="bbox 368 4146 1021 4213; baseline -0.002 -14"><span class='ocrx_word' id='word_1_270' title='bbox 368 4148 497 4201; x_wconf 88' lang='lat' dir='ltr'>Benndorl</span> <span class='ocrx_word' id='word_1_271' title='bbox 521 4155 546 4197; x_wconf 91' lang='lat' dir='ltr'>et</span> <span class='ocrx_word' id='word_1_272' title='bbox 571 4146 604 4204; x_wconf 82' lang='lat' dir='ltr'>O,</span> <span class='ocrx_word' id='word_1_273' title='bbox 626 4146 778 4208; x_wconf 80' lang='lat' dir='ltr'>Hirschfeld,</span> <span class='ocrx_word' id='word_1_274' title='bbox 805 4146 891 4213; x_wconf 75' lang='lat' dir='ltr'>Jabrg,</span> <span class='ocrx_word' id='word_1_275' title='bbox 913 4158 1021 4198; x_wconf 83' lang='lat'>1—10.</span> 
     </span>
    </p>
   </div>
   <div class='ocr_carea' id='block_1_8' title="bbox 0 0 1478 4559">
    <p class='ocr_par' dir='ltr' id='par_1_9' title="bbox 0 0 1478 4559">
     <span class='ocr_line' id='line_1_36' title="bbox 0 0 1478 4559; baseline 0 0"><span class='ocrx_word' id='word_1_276' title='bbox 0 0 1478 4559; x_wconf 95' lang='lat' dir='ltr'> </span> 
     </span>
    </p>
   </div>
  </div>
 </body>
</html>
