2900 4559
677 276 900 338 ...76-

259 472 413 557 plurimas
437 470 606 546 diluerunt,
631 468 803 532 nonnullas
826 460 996 556 διᾴτασαυ,
1027 467 1142 530 decem
1172 465 1323 530 diiudica-

1419 433 1421 474 I

260 589 383 644 verunt.
419 580 522 642 Erant
545 578 617 661 plus
640 586 806 640 trecentae
830 577 1064 657 quinquaginta
1086 595 1212 637 causae.
1261 575 1326 637 Tri·
1419 559 1420 612 f

261 689 371 750 buitur
407 686 529 749 clvitati
565 686 641 757 laus,
679 703 801 747 corona
834 702 934 745 aurea
971 683 1115 763 qulnque
1155 682 1327 753 mInarum.
1420 709 1421 744 1

263 794 422 857 iudicibus
455 793 581 865 eadem,
611 791 769 872 proxenia
799 799 833 853 et
863 790 975 853 civitas
1004 790 1082 869 Ipsis
1112 798 1147 851 et
1177 790 1327 868 posteris,
1420 815 1421 826 ι

263 900 488 964 adscribuntur
500 900 598 962 tribui
623 899 674 961 cui
691 896 813 971 volunt.
832 896 928 959 datur
944 896 1095 979 procdria
1109 895 1202 970 ludis,
1220 896 1328 959 aditus
1421 957 1422 970 ,

264 1008 305 1070 ad
344 1005 515 1069 concilium
555 1004 660 1088 plebis
697 1012 774 1084 post
808 1022 916 1080 sacra;
956 1003 1185 1085 apographum
1217 1004 1328 1085 Jasum

263 1114 400 1177 mittitur
417 1114 526 1194 ibique
542 1114 684 1175 honores
699 1111 921 1175 renuntiantur
937 1110 1110 1192 Dionysiis.
1145 1109 1327 1173 Boeckhius

262 1221 390 1285 titulum
414 1221 459 1283 ob
482 1241 513 1287 v,
530 1235 574 1297 44
596 1240 643 1302 sq.
662 1217 770 1281 retulit
792 1217 834 1280 ad
857 1217 1005 1281 exsulum
1029 1217 1268 1280 restitutionem
1285 1217 1326 1280 ab
1422 1225 1423 1286 I

265 1327 456 1392 Alexandro
495 1327 618 1408 Magno
656 1327 785 1389 iussam.
832 1323 898 1387 Sed
938 1333 1025 1387 recte
1062 1323 1327 1387 Wilamowitzius

270 1454 323 1497 me
339 1434 464 1499 monuit
480 1434 612 1497 decreta
628 1430 746 1496 saeculi
770 1431 876 1513 quarti
899 1450 965 1495 non
988 1431 1034 1493 uti
1057 1438 1108 1493 tot
1123 1430 1231 1493 verbis
1248 1441 1329 1512 quot

261 1542 280 1606 l.
293 1539 315 1611 1.
329 1550 362 1604 et
376 1540 489 1604 tribuit
505 1540 633 1603 titulum
645 1538 735 1621 quod
751 1558 809 1621 per
824 1538 1018 1619 scripturam
1030 1538 1104 1600 licet
1114 1537 1211 1600 aetati
1224 1537 1325 1600 Ptole·

264 1648 346 1711 maci
362 1649 375 1709 l
392 1656 448 1710 aut
464 1648 493 1709 11
508 1656 584 1710 ante
602 1648 675 1721 262,
700 1665 775 1708 nam
792 1654 869 1728 post
892 1664 1037 1728 pugnam
1061 1643 1211 1707 navalem
1235 1646 1325 1724 apud

264 1754 370 1818 Coum
394 1754 601 1817 commissam
617 1753 658 1816 de
674 1752 734 1815 illis
749 1752 935 1833 regionibus
951 1771 1016 1813 non
1033 1752 1120 1831 apud
1137 1752 1325 1834 Aegyptios
1424 1775 1425 1780 ¹

263 1862 322 1925 sed
337 1861 426 1943 apud
442 1858 605 1923 Gonatam
621 1880 747 1923 summa
761 1859 887 1942 imperii
910 1857 977 1931 luit,
1002 1858 1106 1920 donec
1123 1858 1326 1922 Ptolemaeus

264 1968 443 2049 Euergetes
467 1966 582 2029 Asiam
608 1967 809 2049 expugnavit
832 1966 871 2029 cf.
887 1966 1038 2046 Droysen
1064 1964 1173 2029 Gescla
1188 1967 1217 2030 d.
1236 1966 1323 2030 Hell.
1425 2017 1426 2052 r

264 2075 368 2149 11121,
394 2090 453 2151 241
473 2082 507 2135 et
524 2072 597 2154 276.
624 2075 682 2151 381
703 2095 774 2157 sqq.
820 2072 964 2137 Termini
988 2072 1084 2153 igitur
1106 2080 1180 2134 sunt
1205 2087 1267 2153 323
1295 2083 1326 2136 et
1425 2059 1426 2140 f

266 2181 328 2243 262
353 2179 392 2244 cl.
409 2200 439 2243 n.
454 2178 613 2244 CXXXV.

372 2284 545 2351 CXXXIII.
569 2287 616 2349 Le
640 2286 702 2349 Bas
725 2288 769 2350 III
793 2290 833 2367 87
857 2316 900 2344 =
924 2286 1106 2366 Ditt.165;
1132 2287 1327 2370 Bargylieta·
1426 2271 1427 2280 ἵ

265 2414 335 2458 rum
359 2414 472 2457 causas
495 2394 602 2477 paullo
626 2405 702 2459 ante
726 2396 785 2457 261
806 2395 904 2457 iudex
920 2393 1019 2456 Teius
1034 2393 1189 2457 Antiochi
1205 2395 1328 2459 Soteris

267 2502 353 2563 iussu
378 2499 478 2564 diluit.
525 2502 604 2565 Ideo
627 2501 800 2565 laudantur
830 2502 902 2565 Teii
936 2521 1049 2564 omnes
1081 2510 1114 2563 et
1145 2502 1251 2577 ludex,
1277 2504 1328 2565 cui

267 2609 365 2671 etiam
389 2627 510 2671 corona
533 2628 627 2673 aurea
650 2619 684 2673 et
706 2609 899 2673 renuntiatio
921 2608 1004 2671 ludis
1027 2610 1187 2690 gymnicis
1216 2631 1327 2673 conce·

266 2717 395 2788 duntur,
430 2723 599 2798 praeterea
633 2718 800 2799 proxenia
836 2735 955 2779 nomen
990 2711 1170 2798 εὐεργέτου,
1205 2718 1327 2792 civitas,

267 2822 419 2904 μετουσία
442 2820 584 2887 πάντων
606 2812 656 2887 οὖν
678 2824 733 2887 καὶ
756 2827 979 2907 Βαργυλιῆτοα
1001 2820 1198 2907 μετέχουσιν,
1222 2824 1330 2886 aditus

268 2929 310 2991 ad
346 2936 495 2991 senatum
531 2929 756 3015 populumque
792 2930 898 3012 primo
933 2939 1010 3012 post
1044 2949 1146 3002 sacra,
1183 2950 1263 2992 cena
1298 2932 1329 2992 In

266 3044 434 3117 prytane0,
460 3036 644 3110 comitatus
669 3036 742 3099 Teii
758 3045 890 3100 orantur
913 3045 948 3100 ut
963 3037 1129 3099 decretum
1146 3039 1329 3101 renuntient

267 3152 302 3206 et
325 3152 511 3225 proponant
527 3144 618 3207 iuxta
635 3144 782 3206 Herculis
798 3143 965 3223 templum,
991 3144 1086 3208 datur
1101 3145 1328 3226 apographum

266 3252 363 3314 etiam
387 3250 456 3331 regi
480 3258 514 3313 et
529 3249 719 3313 Alexandro
736 3250 891 3314 ministro.
930 3251 981 3314 De
996 3251 1190 3314 coniecturis
1213 3249 1250 3313 cf.
1276 3273 1328 3316 cx-

265 3376 393 3420 cursum
417 3356 468 3418 III.

373 3461 548 3526 CXXXIV.
575 3462 714 3527 Newton
738 3463 781 3525 III
804 3483 833 3526 n.
857 3478 932 3542 423.
980 3463 1099 3527 Civitas
1124 3466 1286 3544 quaedam
1309 3488 1329 3530 a

267 3569 493 3633 Prienensibus
516 3570 642 3653 accepit
665 3570 805 3633 iudicem
828 3571 915 3633 iussu
932 3570 1087 3634 Antiochi
1110 3572 1205 3653 regis,
1231 3592 1327 3653 quem

266 3675 418 3739 Hicksius
450 3676 652 3741 Antiochum
681 3677 788 3741 Deum
819 3676 916 3740 fuisse
947 3677 1137 3760 suspicatur.
1184 3679 1328 3744 Termini

267 3783 365 3865 igitur
376 3791 452 3847 sunt
465 3784 650 3862 261—246.
675 3785 836 3849 Videntur
850 3802 967 3847 causae
979 3784 1163 3865 complures
1176 3786 1216 3849 de
1229 3807 1326 3869 nego·

264 3890 318 3952 tiis
348 3887 453 3965 fuisse,
485 3891 510 3953 si
541 3900 628 3953 recte
658 3892 792 3953 restituo
816 3912 845 3956 v.
870 3891 892 3953 6
915 3912 986 3974 sqq.
1005 3891 1211 3981 uaovdoigruvl
1236 3888 1327 3971 ὅπως

267 3997 532 4082 συλλυθήσουται
548 3994 582 4061 αἱ
598 3998 752 4081 διαφοραὶ
775 3996 809 4061 αἱ
832 3999 919 4083 areph
935 4006 1004 4062 τῶν
1027 4000 1257 4090 ουμβολαίοο1υ1
1274 4002 1327 4065 καὶ

265 4102 445 4191 ἕμμευῶοιυ
465 4101 496 4169 οἱ
519 4103 745 4190 διαφερόμενοι
769 4102 801 4183 ἒς
824 4105 864 4171 τὸ
887 4102 935 4171 ἀεὶ
960 4108 1043 4192 rode
1066 4108 1281 4191 συμβολαίοις.
