2900 4559
547 227 769 320 ’.41-

125 449 218 513 sibus
240 458 278 513 ut
300 470 351 515 res
374 449 552 515 deferretur
574 450 797 535 imperaverat,
829 452 973 532 itemque
1003 473 1039 517 se
1067 452 1190 517 habent

127 557 282 637 exempla
297 559 396 624 dubia
418 579 447 621 n.
471 557 529 621 LII
551 568 585 623 et
608 559 689 623 LIII.
738 560 830 623 Haec
853 561 920 623 duo
939 562 1092 641 exempta
1114 562 1190 624 inde

127 685 261 746 quoque
285 665 349 729 huc
372 665 518 740 referam,
543 667 633 747 quod
655 687 721 730 non
745 668 912 731 crederem
943 668 1003 731 nisi
1033 668 1191 750 exemplis

127 771 225 833 certis
248 792 325 835 usos
347 774 514 837 Romanos
537 772 625 837 litem
650 775 691 838 de
715 774 842 839 duabus
869 774 1054 839 civitatibus
1076 776 1191 839 tertiae

128 878 341 943 mandaturos
364 879 461 943 fuisse
485 880 734 945 diiudicandam.

234 987 301 1049 Iam
324 996 525 1051 transeamus
548 988 590 1051 ad
622 989 798 1053 Romanos.
847 989 937 1053 Aditi
960 995 1037 1053 sunt
1058 988 1090 1051 hi
1114 997 1190 1051 eta

125 1093 311 1157 civitatibus
335 1095 468 1159 omnino
490 1094 598 1159 liberis
621 1104 655 1159 et
676 1095 719 1160 ab
743 1096 781 1158 iis
803 1117 898 1178 quae,
928 1096 988 1159 etsi
1011 1095 1190 1159 secundom

125 1199 236 1281 legem
265 1200 412 1265 libertate
442 1202 539 1265 etiam
565 1203 747 1277 utebantur,
783 1212 893 1267 tamen
927 1223 962 1267 re
986 1224 1064 1267 vera
1100 1211 1192 1266 erant

127 1306 264 1369 dicionis
286 1308 510 1372 Romanorum
535 1319 568 1373 et
590 1311 633 1373 ab
657 1310 704 1385 iis,
730 1330 815 1393 quae
838 1311 1017 1374 secundum
1032 1310 1124 1392 leges
1154 1310 1192 1372 iis

129 1422 222 1475 erant
246 1415 404 1479 subditae.
451 1417 575 1482 Primae
598 1417 707 1481 classis
731 1428 807 1482 sunt
844 1427 931 1481 certe
965 1439 1019 1481 nn.
1056 1417 1189 1491 XXVII,

125 1520 262 1591 XXXV.
286 1522 433 1589 XXXVI.
481 1524 613 1589 Putares
626 1570 628 1575 -
642 1526 810 1590 Romanos
841 1534 910 1589 tum
942 1545 1073 1608 semper
1102 1526 1193 1609 ipsos

127 1627 295 1693 decisuros
319 1629 428 1710 inisse,
457 1632 515 1694 sed
546 1632 620 1695 vide
650 1634 752 1697 modo
782 1654 811 1696 n
844 1633 1003 1713 XXXVI3
1026 1633 1126 1697 Pariis
1148 1633 1192 1696 ibi

127 1754 197 1797 rem
221 1734 381 1805 dederunt
402 1738 550 1803 Romani.
599 1741 711 1804 Habet
734 1739 798 1803 hoc
826 1760 905 1803 sane
936 1740 1073 1804 multum
1103 1740 1191 1815 miri3
1264 1787 1269 1793 .

128 1860 204 1903 nam
228 1840 404 1907 Cretenses
425 1855 497 1908 tum
520 1847 597 1910 nihil
620 1856 711 1911 erant
735 1847 853 1927 privati
875 1848 1036 1912 libertate.
1081 1846 1192 1910 Paullo

126 1946 209 2010 alius
233 1951 360 2029 generis
382 1960 433 2014 est
456 1973 484 2016 n.
517 1953 602 2028 XIX,
636 1975 711 2017 nam
748 1955 840 2037 quod
874 1954 977 2019 Volso
1012 1955 1193 2036 decemque

127 2054 227 2137 legati
251 2054 320 2119 aliis
344 2057 530 2123 civitatibus
552 2062 790 2125 controversias
819 2062 1020 2126 amovendas
1043 2062 1193 2152 permise-

128 2170 213 2236 runt,
260 2162 294 2226 id
338 2167 516 2230 tenendum
561 2178 612 2231 est
656 2178 725 2231 tum
771 2171 941 2234 Romanos
984 2170 1091 2251 egisse
1127 2188 1194 2231 non

129 2277 198 2331 tam
245 2271 439 2337 arbitrorum
485 2276 542 2339 sed
588 2275 797 2340 dominorum
835 2277 918 2352 loco,
964 2296 1039 2341 cum
1076 2275 1196 2341 bellum

130 2384 245 2440 contra
267 2377 465 2443 Antiochum
489 2381 711 2448 coniecissent.
747 2383 818 2448 Etsi
842 2404 908 2447 non
923 2384 1063 2458 nomine,
1087 2392 1197 2447 tamen

131 2502 166 2545 re
189 2503 266 2547 vera
289 2486 370 2549 Asia
391 2496 459 2551 tum
483 2498 552 2553 erat
574 2491 722 2558 subiecta
752 2491 918 2559 Romanis.
963 2491 1068 2555 Multo
1091 2494 1197 2554 mInus

136 2590 237 2653 miros
261 2609 319 2654 nos
343 2592 486 2670 habebit,
510 2599 600 2680 quod
615 2599 756 2663 Romani
780 2600 862 2663 orati
879 2607 914 2662 ut
928 2599 1108 2663 iudicarent
1131 2618 1196 2661 non

134 2716 266 2779 semper
288 2698 320 2761 id
337 2698 481 2766 iecerunt
503 2705 545 2767 de
569 2707 606 2769 iis
629 2705 768 2788 populis,
793 2705 848 2787 qui
872 2706 933 2769 sub
955 2726 1071 2769 eorum
1096 2705 1197 2770 tutela

133 2812 236 2870 erant.
280 2805 317 2869 Id
349 2826 452 2888 genus
482 2812 633 2896 exempla
667 2822 744 2876 sunt
775 2833 829 2879 nn.
862 2812 906 2875 lL
935 2821 968 2876 et
991 2813 1027 2876 L.
1075 2813 1198 2877 Contra

132 2911 286 2974 iudicium
329 2911 370 2976 de
413 2919 600 2997 provinciae
644 2919 830 2984 civitatibus
870 2920 1010 2983 Romani
1043 2928 1100 2983 aut
1134 2920 1196 2999 ipsi

134 3018 303 3082 ediderunt
336 3020 404 3085 sive
420 3042 479 3103 per
494 3028 723 3108 proconsulem
748 3035 1035 3109 propraetoremve
1054 3026 1123 3089 sive
1139 3046 1198 3107 per
1219 3027 1222 3031 ’

133 3124 273 3189 Senatus
295 3124 486 3194 Consultum
517 3134 584 3196 sive
615 3156 674 3218 per
704 3134 830 3215 legatos
862 3134 903 3197 ad
935 3133 968 3196 id
1002 3134 1117 3196 missos
1140 3143 1197 3197 aut

134 3232 214 3295 alios
237 3232 323 3295 viros
346 3238 543 3305 constitutos
566 3250 623 3305 aut
652 3262 719 3305 rem
754 3242 1067 3305 commendaverunt
1097 3242 1196 3305 socie·

132 3340 201 3413 tati,
227 3340 260 3401 In
291 3359 357 3421 qua
379 3342 503 3412 inerant
537 3348 700 3431 litigantes
735 3348 796 3432 ipsi
827 3358 863 3412 ut
892 3348 941 3411 Le
970 3349 1034 3411 Bas
1057 3348 1085 3411 II
1113 3351 1197 3428 1189

134 3445 270 3510 concilio
282 3445 469 3516 Thessalico
485 3454 527 3519 de
542 3455 748 3520 Cierensibus
762 3464 797 3519 et
812 3454 1036 3538 Metropoiitis.
1070 3454 1197 3519 Titulus

136 3554 221 3617 enim
267 3552 314 3616 sic
360 3560 579 3627 restituendus
622 3564 750 3627 videtur
796 3584 867 3627 esse
902 3582 929 3625 v.
964 3578 979 3641 5
1013 3560 1200 3646 ἠνέχθησαν

135 3652 210 3743 μεθ’
241 3648 342 3743 ὅρκου
372 3674 478 3749 ψῆφοι
501 3672 663 3756 Κιερεῦ[σι
687 3668 846 3737 διακόσιαι
870 3667 1067 3752 ἐνενήκοντα
1097 3666 1196 3746 ὀκτώ,

137 3765 448 3863 Μηὶτρομολεὶταις
470 3777 651 3862 τριάκοντα
673 3780 741 3862 μία,
764 3772 881 3863 ἄκυροι
904 3775 1010 3841 πέντε.

243 3878 423 3961 Ποπ]ααίω
446 3888 637 3969 Sambon)
659 3889 845 3970 πρεσβευτῇ
865 3884 1007 3966 Ίὶβερίσν
1022 3883 1200 3967 Καίσαρ[ος

247 4050 280 4121 ²⁵)
301 4052 406 4103 Factum
424 4057 463 4101 est
487 4051 561 4115 igitur
585 4049 648 4099 inter
679 4057 709 4112 15
729 4054 754 4097 et
773 4058 805 4113 35
825 4066 851 4114 p.
869 4047 928 4096 Chr.
948 4045 981 4098 cI.
1000 4044 1063 4095 Tac.
1088 4059 1149 4101 ann,
1173 4056 1197 4105 ιι

147 4142 178 4193 80
196 4152 221 4193 et
239 4141 283 4193 VI.
304 4152 346 4205 39,
366 4158 389 4195 v.
413 4140 443 4191 18
463 4141 499 4192 ὢν
518 4139 648 4205 usquead
667 4138 818 4204 ἀνέπεμψεν
838 4137 919 4188 debeo
938 4134 1135 4187 Wilemorritzio.
