2900 4559
543 289 762 352 „25-

229 474 367 567 Saepius
390 493 486 567 pacta
510 493 585 548 sunt
609 482 696 547 sacta
718 484 752 545 in
775 504 847 547 eam
880 483 1118 558 condicionem,
1150 492 1186 547 ut

119 593 303 657 discordiae
326 601 475 675 tempore
500 590 609 655 suturo
633 600 724 655 ortae
753 590 952 655 deferrentur
984 592 1026 654 ad
1056 593 1185 655 tertiam

119 702 244 773 urbem,
270 718 353 781 qnae
376 698 582 762 continentur
604 717 655 761 nn.
682 698 809 761 XLv-
822 698 952 761 XLVII.

228 930 328 993 XLV.
357 930 459 993 Thuc.
490 930 521 993 V
562 932 609 1003 18,
636 810 676 1005 ἶ
705 929 923 992 Athenienses
962 939 994 992 et
1025 930 1185 993 Lacedae-

121 1037 222 1098 monii
246 1056 331 1097 anno
348 1051 408 1113 421
428 1036 624 1117 pepigerunt
640 1044 675 1098 ut
691 1036 733 1098 de
749 1036 917 1098 discordiis
933 1036 1046 1099 futuris
1062 1045 1185 1099 uteren-

121 1152 174 1205 tur
198 1144 278 1205 urbe
293 1144 389 1206 tertia
404 1143 442 1205 cf.
456 1143 517 1207 VII
540 1145 587 1217 18,
603 1160 629 1222 3.
657 1142 723 1205 Sed
740 1143 803 1205 hoc
819 1152 952 1225 pactum
967 1143 1186 1206 'Athenienses

122 1250 347 1329 neglexerunt.
513 1254 516 1259 ’
869 1260 873 1267 ’

231 1356 347 1420 XLVI.
371 1355 465 1419 Thuc
499 1357 532 1419 V
557 1370 597 1436 79
622 1366 670 1419 est
695 1356 809 1420 foedus
832 1358 1033 1437 Argivorum
1063 1366 1096 1420 et
1125 1357 1186 1419 La-

123 1464 411 1527 cedaemoniorum
429 1463 517 1543 quod
530 1463 561 1526 V
578 1475 626 1542 59,
648 1475 662 1541 5
681 1463 797 1544 Argivi
813 1464 914 1545 Agidi
937 1474 1185 1545 proposuerant.

122 1572 223 1634 Recte
247 1570 348 1633 Meier
372 1590 425 1652 pp.
444 1586 488 1648 40
511 1570 626 1649 sq.'ita
649 1570 792 1651 explicat
814 1591 884 1653 cap.
906 1586 947 1651 79
970 1574 1019 1651 ἐξ.
1039 1594 1050 1631 ι
1077 1590 1143 1650 sq.:
1161 1572 1187 1632 si

121 1678 222 1740 altera
245 1696 321 1757 pars
346 1677 479 1739 alteram
503 1676 692 1740 offendisset
721 1677 776 1750 ita,
799 1686 835 1739 ut
868 1678 909 1740 de
933 1678 1028 1758 culpa
1051 1678 1121 1760 ipsa
1152 1688 1186 1741 et

124 1794 247 1864 quanta
262 1795 347 1847 esset
363 1784 540 1847 sententiae
557 1783 700 1845 diversae
717 1802 783 1846 non
799 1793 916 1858 essent,
940 1792 1010 1847 tum
1026 1786 1185 1848 rationem

125 1892 325 1955 reddendam
350 1910 420 1953 esse
442 1890 623 1953 secundum
648 1910 783 1964 morem,
814 1900 928 1953 contra
949 1891 1186 1954 Blomfieldinm

124 2008 156 2060 et
180 1999 387 2080 Popponem.
411 1996 532 2061 Contra
556 1998 582 2080 ᾗ.
607 2014 629 2074 4
653 1998 755 2059 verba
779 1996 812 2061 αἱ
828 1997 863 2061 δέ
876 2020 942 2061 τινι
955 2048 1048 2062 .....
1066 1999 1188 2081 διακρι-

123 2108 232 2188 ornav
254 2104 341 2168 haud
365 2124 425 2167 suo
449 2105 517 2166 iure
540 2102 701 2165 rettulisse
726 2104 852 2165 videtur
875 2106 917 2168 ad
945 2106 1093 2167 civitates
1123 2125 1188 2166 non

125 2213 229 2273 socias
245 2211 294 2272 his
309 2211 416 2275 verbis
443 2211 526 2273 ›itir
550 2210 614 2271 die
638 2210 975 2291 Streitigkeiten
998 2212 1069 2274 der
1091 2190 1188 2274 letz'-

126 2327 250 2380 teren
285 2316 388 2380 wird
423 2318 509 2380 blos
542 2316 763 2389 bestimmt‚
801 2318 901 2391 dass
938 2320 1053 2381 nicht
1083 2318 1189 2390 aber,

128 2424 198 2485 wie
222 2426 281 2486 sie
305 2422 561 2505 gerichtlich
579 2423 856 2485 entschieden
872 2426 1031 2488 werden
1048 2424 1193 2487 sollten

130 2530 283 2611 (wobei
316 2550 405 2591 man
440 2528 602 2591 ireilich
639 2529 756 2592 nicht
788 2532 890 2594 eben
917 2530 1083 2604 absieht,
1116 2533 1192 2593 mit

128 2636 323 2699 welchem
347 2636 478 2699 Recht
501 2636 655 2718 Sparta
678 2636 757 2698 und
774 2638 1190 2718 Argossichheraus·

129 2743 309 2806 nehmen
348 2742 544 2816 duriten,
587 2742 691 2805 iiber
730 2742 799 2804 die
838 2742 1192 2825 Streitigkeiten

129 2850 336 2913 zwischen
360 2850 474 2914 allen
499 2849 676 2912 Staaten
700 2849 923 2913 innerhalb
940 2852 1017 2914 und
1038 2873 1192 2915 ausser-

129 2955 227 3019 halb
260 2957 329 3019 des
360 2956 501 3037 Pelop.
530 2954 835 3037 Veriiigungen
863 2978 907 3019 zu
928 2957 1091 3032 tressen,
1124 2959 1195 3020 wie

131 3064 193 3125 sie
216 3063 284 3126 die
309 3064 560 3147 Erwartung
582 3062 717 3142 hegen
741 3062 934 3138 konnten‚
964 3065 1054 3127 dass
1078 3067 1194 3129 diese

131 3169 307 3231 Staaten
345 3169 439 3232 sich
479 3168 610 3231 durch
648 3168 797 3232 solche
836 3171 1194 3253 Bestimmungen

132 3276 292 3339 wtirden
322 3276 535 3358 gebunden
565 3274 781 3354 glauben«.
834 3276 921 3341 Ecce
953 3279 1024 3357 ipse
1055 3280 1191 3341 dubitat.

133 3383 288 3444 Proximis
311 3384 419 3446 verbis
441 3382 548 3463 agitur
571 3383 612 3444 de
636 3382 864 3445 controversiis
887 3385 966 3447 ortis
989 3385 1071 3448 inter
1086 3386 1194 3448 civita-

133 3497 180 3551 tes
204 3490 312 3552 socias
337 3499 370 3551 et
391 3490 478 3551 cives
501 3488 668 3550 civitatum
693 3488 776 3549 inter
801 3509 853 3568 se3
877 3498 974 3554 antea
989 3492 1095 3573 igitur,
1120 3513 1194 3555 cum

16 3686 17 3693 ἵ
134 3595 209 3657 nihil
234 3596 316 3658 desit
340 3596 436 3666 aliud.
462 3613 568 3657 sermo
591 3594 719 3657 videtur
743 3593 840 3657 fuisse
856 3601 943 3678 (cum
967 3597 1127 3661 Arnoldio
1144 3600 1193 3666 ed.

133 3703 160 3764 II
199 3701 273 3765 Oxi.
303 3704 399 3783 1841)
439 3703 479 3764 de
518 3700 695 3774 discordiis,
727 3721 811 3783 quae
851 3703 1079 3767 interciderent
1113 3705 1197 3767 inter

134 3809 297 3871 civitatem
333 3810 455 3871 sociam
484 3816 517 3870 et
551 3826 617 3868 non
647 3808 771 3869 sociam
799 3809 866 3870 sive
900 3810 930 3870 in
966 3810 1195 3892 Peloponneso

135 3916 201 3977 sive
242 3925 332 3979 extra
371 3934 451 3978 earn.
489 3914 666 3979 Arnoldius
705 3915 781 3978 nihil
817 3917 976 3994 mutavit,
1015 3917 1086 3996 quis
1126 3928 1196 3980 tum

136 4022 326 4084 sententiam
361 4022 572 4101 intelligeret?
608 4023 689 4103 Legi
722 4024 832 4104 itaque
864 4021 959 4084 velim
991 4022 1035 4087 Αἰ
1064 4023 1100 4087 δέ
1128 4046 1197 4087 τινι

136 4134 196 4192 τᾶν
220 4130 350 4193 πολίων
373 4128 452 4193 πόλι
476 4128 496 4211 ῂ
520 4125 687 4213 ἀμφίλογα
710 4126 730 4213 ἢ
754 4136 818 4193 τᾶν
848 4128 943 4206 ἐντὸς
967 4126 986 4211 ἥ
1009 4137 1072 4193 τᾶν
1094 4128 1189 4207 ἐκτὸς
