2900 4559
571 264 791 328 ..33..

149 459 345 543 imposuisse
359 458 636 523 Lacedaemoniis.
683 458 792 540 Quam
807 480 882 524 cum
897 459 1060 523 soluturos
1083 480 1118 525 se
1141 482 1212 525 esse

151 579 327 649 negassent
356 566 617 639 Lacedaemonii,
648 564 786 631 sortasse
815 567 1032 631 mediantibus
1060 570 1213 633 Romanis

147 676 189 739 ad
228 694 311 757 quos
349 682 501 755 utrosque
536 683 769 756 provocassent
800 675 940 738 arbitros
977 675 1098 739 electos
1129 696 1210 752 esse,

149 802 287 865 quorum
321 780 512 844 sententiam
544 781 702 859 praebere
730 781 858 848 titulum
889 790 1070 846 tractatum.
1118 784 1213 849 Ponit

149 890 212 953 hoc
243 890 349 953 editor
381 896 457 951 ante
496 887 556 963 146
584 896 660 971 post
688 889 757 969 167,
788 908 853 969 ego
882 890 964 953 inter
997 890 1058 966 164
1080 898 1114 953 et
1141 906 1211 969 149,

148 1016 223 1060 nam
252 994 432 1059 secundum
461 992 619 1065 Clintonis
646 994 748 1058 fastos
776 995 888 1077 Polyb.
912 996 1021 1060 XXXI
1043 1013 1075 1076 9.
1101 1011 1129 1076 7,
1155 997 1211 1060 ubi

149 1106 192 1168 de
213 1103 383 1167 Callicrate
407 1102 461 1183 qui
495 1109 591 1164 antea
627 1102 780 1165 iudicavit
812 1121 919 1166 sermo
954 1112 1013 1177 est,
1049 1102 1212 1185 significat

148 1232 269 1276 annum
297 1210 358 1288 164
381 1218 415 1271 et
437 1226 522 1271 anno
549 1224 610 1287 149
634 1208 738 1291 (Paus.
763 1208 824 1272 VH
850 1225 1001 1292 12,4sqq.
1025 1210 1081 1291 Ll)
1104 1211 1211 1274 denuo

148 1318 310 1383 discordia
325 1316 464 1380 excitata
480 1324 528 1377 est
544 1312 582 1377 cl.
598 1314 754 1379 Meierum
764 1324 797 1379 et
809 1315 1108 1401 Dittenbergerum‚
1133 1338 1163 1384 v.
1177 1336 1209 1399 p.

154 1429 192 1489 18
214 1426 288 1490 adn.
316 1441 369 1507 14;
394 1424 412 1487 i.
438 1444 469 1489 n.
493 1422 545 1487 LI.

255 1533 291 1598 L.
316 1532 412 1594 Paus.
436 1529 497 1593 VII
525 1545 573 1603 11,
597 1542 694 1608 4—5,
724 1529 795 1593 Ael.
822 1550 852 1597 v.
880 1530 952 1595 hist.
976 1532 1020 1594 III
1048 1545 1085 1610 17
1109 1529 1210 1594 Athe·

148 1640 274 1703 nienses
297 1638 339 1701 ab
362 1634 494 1719 Oropiis
516 1636 604 1717 apud
628 1646 776 1699 senatum
796 1633 980 1701 Romanum
1003 1648 1097 1703 erant
1119 1659 1210 1703 accu-

149 1747 220 1820 sati,
245 1744 335 1827 quod
359 1744 472 1807 urbem
503 1742 725 1825 expilaverant
748 1744 824 1807 inde
846 1745 888 1809 ab
909 1765 996 1809 anno
1024 1759 1082 1827 155
1109 1766 1211 1826 usque

147 1853 193 1917 ad
221 1868 290 1931 149.
335 1852 444 1914 Patres
467 1850 639 1913 edixerunt
662 1859 699 1913 ut
722 1848 868 1932 Sicyonii
894 1854 1066 1916 aestimato
1090 1854 1211 1915 damno
1251 1848 1255 1855 ’

147 1959 405 2025 Atheniensibus
428 1957 563 2020 multam
586 1957 740 2032 dicerent,
765 1960 821 2038 qui
850 1959 921 2023 illos
953 1960 1104 2023 absentes
1136 1978 1210 2021 con-

148 2068 341 2131 demnarunt
363 2065 549 2146 quingentis
582 2063 721 2128 talentis.
769 2066 885 2129 Postea
920 2067 970 2129 bis
1005 2068 1101 2131 venia
1135 2067 1211 2130 data

146 2172 236 2238 haud
260 2181 388 2236 centum
414 2172 535 2235 talenta
558 2171 683 2234 solvere
705 2173 783 2235 iussi
805 2181 880 2236 sunt
903 2171 942 2239 cs.
968 2173 1059 2235 Barb.
1083 2195 1113 2238 n.
1134 2188 1209 2253 437,

153 2280 312 2343 Meierum
326 2298 376 2359 ap.
388 2277 491 2342 Ersch
503 2279 568 2340 und
586 2275 713 2341 Gruber
725 2277 811 2360 allg,
826 2277 985 2360 Encykl.
998 2288 1075 2343 sect.
1092 2280 1135 2343 llI
1150 2280 1212 2342 vol.

146 2388 179 2451 V
192 2406 223 2467 p.
242 2387 304 2465 506
317 2406 388 2468 sqq.
406 2370 441 2449 et'
455 2385 612 2468 imprimis
628 2382 666 2447 U.
683 2385 724 2447 de
741 2386 1022 2449 Wilamowitzium
1038 2386 1214 2468 »Oropus

147 2496 223 2557 und
247 2494 309 2556 die
333 2492 470 2556 Graan
499 2492 609 2555 Herm.
632 2491 693 2554 vol.
712 2492 789 2555 XXI
811 2512 843 2572 p.
874 2508 929 2556 101
959 2501 991 2554 et
1012 2493 1086 2558 adn.
1112 2509 1142 2572 3,
1159 2495 1213 2574 qui

146 2601 264 2665 collato
280 2601 370 2663 Paus.
386 2600 400 2662 1
417 2616 459 2679 34
476 2599 710 2663 demonstravit
725 2598 915 2664 Pausaniam
930 2619 1041 2662 secum
1056 2604 1211 2679 pugnare,

147 2707 296 2789 Oropum
335 2715 405 2769 tum
444 2726 509 2769 non
544 2700 692 2788 ὑπήκοον
735 2705 833 2769 luisse
873 2705 1138 2781 Atheniensibus,
1179 2716 1214 2769 ut

149 2822 258 2878 narrat
280 2814 373 2879 Paus.
397 2812 458 2876 Vll
487 2828 568 2889 11,4,
592 2813 651 2876 sed
673 2812 818 2877 liberum.

255 2920 308 2987 Ll.
333 2918 433 2987 Arch.
458 2920 528 3001 Ztg.
561 2922 643 3000 1878
667 2940 698 3000 p.
728 2937 791 2998 104
813 2948 856 2975 =
887 2919 966 2982 Ditt.
1000 2935 1065 2998 240
1094 2920 1211 2982 Messe-

148 3028 278 3090 niorum
294 3033 327 3091 et
342 3026 681 3091 Lacedaemoniorum
706 3027 879 3089 discrimen
903 3027 944 3089 de
968 3046 1046 3107 agro
1070 3024 1212 3090 Denthe-

148 3134 224 3198 liate
248 3154 294 3198 ca.
322 3150 384 3209 140
415 3142 588 3197 tractatum
624 3148 673 3197 est
701 3134 925 3197 Romanorum
960 3134 1048 3196 iussu
1082 3133 1212 3198 Milesiis

149 3242 288 3315 arbitris,
307 3242 360 3320 qui
372 3240 540 3305 Messeniis
555 3260 630 3303 eum
646 3241 828 3304 tribuerunt
850 3240 890 3304 cl.
917 3240 1014 3305 etiam
1039 3240 1116 3306 Tac.
1140 3261 1212 3303 ann.

147 3349 194 3413 lV
219 3363 261 3426 43
288 3358 321 3412 et
344 3348 421 3411 inlra
449 3370 479 3411 n.
502 3347 584 3414 L111.
608 3346 755 3409 Effossus
778 3356 829 3409 est
851 3348 962 3410 titulus
984 3345 1165 3430 Olympiae.

253 3454 362 3518 Etiam
386 3474 437 3521 nn.
462 3454 610 3517 Ll-LV
634 3453 730 3517 huius
751 3456 879 3537 generis
910 3453 1048 3518 fortasse
1077 3453 1210 3517 fuerunt

254 3562 319 3625 Lll.
346 3561 461 3643 Polyb.
492 3561 537 3624 IX
562 3576 613 3639 33,
643 3579 677 3624 11
695 3580 744 3640 sq.
777 3560 1041 3625 Controversiam
1072 3561 1211 3642 Megalo-

148 3669 367 3751 politanorum
392 3677 425 3731 et
448 3669 784 3732 Lacedaemoniorum
813 3669 854 3730 de
883 3687 963 3749 agro
986 3667 1157 3731 Belbinate
1180 3678 1213 3731 et

152 3775 319 3857 Aegytide
342 3773 508 3857 Philippus
531 3775 802 3838 determinaverat
830 3794 916 3837 anno
941 3778 1005 3855 338
1028 3770 1087 3857 οὐχ
1109 3770 1213 3839 αὑτὸν

148 3878 319 3963 ἀποδείξας
343 3880 461 3967 κριτὴν
484 3878 570 3946 ἀλλὰ
594 3880 708 3946 κοινὸν
730 3880 767 3945 ἐκ
793 3879 935 3945 πάντων
957 3886 1026 3944 τῶν
1044 3869 1213 3965 Ἑλλήνων

147 3991 289 4065 καθίσας
312 3988 492 4073 κριτήριον.
540 3988 728 4053 Secundum
751 3989 836 4050 hunc
857 3988 965 4050 locum
989 3986 1052 4049 huc
1075 3988 1211 4069 quadrat

148 4097 345 4181 exemplum.
393 4095 516 4159 Contra
539 4097 607 4159 eius
626 4089 702 4167 loci,
727 4095 779 4157 cui
796 4113 878 4175 quae
901 4095 1057 4174 exscripsi
1081 4115 1211 4177 respon-

1089 4220 1107 4279 3
