2900 4559
553 264 775 327 ..45-

130 467 216 531 sunt,
242 468 328 521 certe
353 473 517 539 nunquam
534 478 585 521 res
609 460 654 523 ita
678 467 728 520 est
750 466 897 533 tractata,
924 467 959 520 ut
983 476 1046 522 una
1062 458 1202 521 adiretur

134 564 178 625 de
212 566 347 639 arbitris,
385 566 485 628 altera
519 568 560 628 de
588 566 702 631 scriba.
750 564 892 629 Simulac
921 585 1020 628 causa
1052 574 1121 629 erat
1158 566 1200 627 de

132 670 249 745 sundis,
266 673 424 736 iudicibus
446 674 575 736 additos
599 692 670 735 esse
694 682 786 755 patet
809 674 958 735 homines
981 674 1036 754 qui
1051 684 1200 736 accurate

137 779 267 853 scirent,
292 780 332 843 de
349 780 466 859 quibus
482 780 626 843 terminis
642 789 825 843 certaretur.
872 781 957 843 Tum
982 780 1023 843 de
1052 800 1114 843 una
1130 790 1200 844 tum

131 886 174 947 de
210 888 428 966 compluribus
462 888 558 950 rebus
583 886 677 949 simul
702 888 873 950 discidium
897 897 1005 950 ortum
1030 908 1101 950 esse
1122 888 1201 949 satis

128 1002 290 1056 testantur
298 994 360 1057 loci
369 994 552 1056 enumerati.
567 994 655 1056 Dum
671 994 825 1057 iudicium
840 995 963 1057 editum
976 995 1065 1069 est,si
1077 993 1198 1057 bellum

135 1110 244 1163 ortum
274 1102 338 1164 iam
372 1111 449 1176 erat,
482 1102 625 1165 indutiae
656 1101 762 1164 factae
789 1110 866 1164 sunt
895 1101 932 1164 cs.
964 1122 1016 1164 nn..
1043 1102 1099 1177 Vl,
1124 1102 1195 1176 Vll,

131 1208 268 1271 XXXV.
315 1209 438 1271 Natura
462 1209 507 1271 rei
529 1206 593 1273 hoc
617 1227 694 1291 prae
717 1229 753 1273 se
776 1210 849 1271 tulit
872 1218 906 1272 et
928 1228 986 1288 per
1008 1228 1044 1271 se
1067 1217 1101 1272 et
1124 1210 1199 1289 quia

131 1315 222 1379 haud
262 1336 332 1379 raro
371 1317 454 1380 inter
492 1317 659 1379 arbitrium
692 1317 899 1399 propositum
935 1326 968 1379 et
1001 1316 1196 1379 sententiam

130 1424 377 1504 pronuntiatam
406 1425 577 1506 quominus
607 1425 711 1487 maius
740 1434 796 1486 aut
821 1424 926 1487 minus
948 1432 1079 1506 tempus
1102 1423 1195 1485 inter-

132 1530 264 1592 cederet
298 1532 461 1613 prohiberi
497 1552 562 1594 non
597 1539 733 1613 poterat.
785 1531 892 1611 Quid?
915 1531 940 1593 si
971 1550 1022 1593 res
1051 1530 1091 1592 ad
1119 1530 1197 1593 Am-

133 1638 358 1719 phictyoniam
375 1616 481 1701 delata
498 1649 574 1711 erat,
593 1658 701 1701 nonne
717 1638 980 1720 Amphictyones
998 1639 1199 1701 convocandi

133 1754 235 1817 erant,
273 1747 331 1807 nisi
366 1746 449 1810 forte
477 1748 520 1810 ob
550 1746 644 1807 aliam
675 1764 743 1807 rern
774 1746 965 1827 congregati
992 1746 1058 1808 iarn
1087 1745 1196 1808 erant?

132 1852 280 1931 Aliquod
324 1862 454 1936 tempus
501 1854 598 1917 etiam
643 1853 816 1934 praeteriit,
847 1853 1037 1935 priusquam
1075 1853 1196 1916 civitati

133 1958 268 2033 alienae,
295 1970 328 2023 ut
352 1980 484 2023 munere
497 1960 609 2024 iudicis
630 1960 827 2041 fungeretur,
846 1961 1095 2040 persuaderetur
1110 1980 1194 2023 eam·

131 2087 197 2147 que
233 2069 434 2130 consensisse
469 2067 670 2147 litigantibus
709 2076 822 2131 notum
862 2067 964 2142 fieret,
1003 2068 1195 2150 praesertim
1221 2100 1231 2120 ·

130 2192 253 2254 magno
283 2176 354 2235 viae
384 2176 490 2256 spatio
525 2176 718 2240 intermisso
772 2174 816 2237 Et
845 2184 938 2238 erant
973 2195 1092 2237 causae
1125 2194 1193 2255 gra-

130 2281 283 2344 vissimae
299 2302 426 2345 summa
442 2302 516 2343 cum
534 2281 700 2361 diligentia
715 2282 921 2345 instruendae
937 2291 970 2344 et
987 2281 1193 2343 decidendae.

127 2388 180 2450 lta
203 2408 233 2451 n.
258 2389 364 2451 XXXI
388 2389 547 2452 iudicibus
570 2389 760 2451 conceditur
782 2389 926 2471 spatium
949 2409 1007 2449 sex
1032 2390 1193 2451 mensium

126 2494 249 2575 quibus
283 2504 398 2577 postea
431 2516 490 2559 sex
524 2496 626 2559 additi
661 2505 746 2569 sunt,
783 2516 812 2563 n.
838 2497 880 2559 Ll
909 2506 1019 2558 actum
1055 2506 1105 2558 est
1140 2496 1193 2558 die

126 2604 357 2665 trecentesimo
381 2604 594 2683 nonagesimo
624 2605 719 2667 tertio
742 2613 799 2666 aut
822 2614 938 2684 quarto
961 2612 1036 2685 post
1059 2612 1191 2666 senatus

126 2708 320 2772 consultum.
371 2710 441 2772 Hac
476 2709 550 2792 lege
584 2711 691 2773 Bulias
726 2732 756 2774 n.
789 2711 850 2773 Vll
884 2711 929 2773 ita
963 2710 1084 2773 abusus
1118 2731 1191 2772 esse

126 2814 271 2897 fingitur,
298 2826 331 2879 ut
356 2837 457 2899 usque
487 2817 528 2879 ad
557 2827 695 2880 mortem
719 2818 881 2899 litigantes
905 2837 970 2880 non
993 2817 1190 2884 conciliaret.

126 2924 175 2987 Ut
198 2925 229 2985 in
253 2925 300 2987 eis
323 2925 436 2999 causis,
452 2944 536 3005 quae
559 2933 634 2987 sunt
658 2926 741 2987 inter
764 2926 911 2987 eiusdem
935 2924 1072 2987 civitatis
1092 2925 1188 2997 cives,

126 3022 320 3094 adversariis
343 3041 465 3095 certum
490 3032 657 3113 quoddam
680 3042 810 3115 tempus
833 3031 985 3113 loquendi
1010 3032 1113 3104 datur,
1145 3032 1189 3094 ita

126 3138 225 3201 etiam
262 3140 294 3202 in
324 3137 374 3199 his
403 3139 507 3201 causis
539 3138 576 3201 cf.
610 3160 640 3203 n.
665 3139 718 3213 Ll,
750 3139 806 3201 ubi
835 3139 977 3220 priorem
1007 3139 1190 3201 orationem

124 3246 263 3308 habenti
287 3246 507 3309 conceduntur
530 3246 681 3308 undecim
705 3254 862 3308 metretae
877 3244 1042 3320 Milesiae·
1056 3246 1190 3308 alteram

126 3354 285 3433 quinque.
333 3354 440 3415 Etiam
471 3353 551 3415 tales
582 3354 704 3415 iudices
740 3372 984 3432 nonnumquam
1019 3362 1189 3432 corruptos

124 3481 200 3523 esse
214 3460 447 3541 Dittenberger
463 3470 575 3523 monet
589 3461 632 3523 ad
650 3477 708 3536 241
733 3460 843 3545 (XIX),
868 3470 1063 3541 argumento
1078 3471 1189 3523 autem

47 3612 49 3618 ,
121 3568 304 3631 certissimo
342 3577 393 3629 est
428 3567 547 3648 Heges.
577 3566 648 3630 Hal.
684 3586 715 3647 p.
750 3571 802 3647 78,
836 3583 854 3647 7
888 3571 930 3650 (n.
962 3568 1058 3651 xm),
1092 3565 1122 3631 οἱ
1155 3568 1189 3631 δὲ

122 3674 277 3744 δικασταὶ
306 3668 355 3748 οἷς
378 3668 421 3737 ἂν
448 3673 646 3759 ἐπιτρέψητε
675 3672 706 3737 οἱ
729 3673 836 3757 κύριοι
865 3683 927 3758 τῆς
949 3674 1074 3757 aprione,
1097 3666 1189 3739 οὗτοι

121 3778 201 3864 ὑμῖν
225 3780 386 3845 σώσουσιν
408 3778 465 3844 ἐὰν
487 3780 531 3865 μὴ
560 3781 724 3857 Φίλιππος
747 3776 868 3855 αὐτοὺς
899 3783 1035 3865 πρίηται
1042 3813 1053 3856 ,·
1082 3802 1187 3863 neque

127 3890 191 3952 hoc
226 3900 276 3952 est
311 3888 505 3951 incredibile.
552 3886 598 3951 Ut
629 3908 679 3950 res
710 3890 751 3949 de
787 3889 904 3967 quibus
939 3890 1107 3968 agebatur,
1143 3891 1187 3951 ita

124 3998 246 4059 iudicia
279 4016 412 4077 quoque
445 4005 534 4058 erant
564 3996 681 4058 diversi
712 3995 849 4075 generis,
886 3995 1016 4057 afferam
1052 3997 1187 4077 insignia

30 4152 37 4164 .
121 4104 275 4184 exempla
305 4103 518 4167 XVlll-XX
548 4112 581 4166 et
611 4103 712 4177 XVll,
738 4102 781 4187 L;
805 4103 947 4165 maxime
977 4103 1187 4167 memorabile
