2900 4559
672 281 909 344 -114-

261 473 345 559 πρὸς
360 471 485 559 ἐχθραν
500 471 520 558 ἢ
534 474 632 559 χάριν
655 476 841 559 κρίνασαν.
886 470 979 557 hgin
1002 471 1035 538 δὲ
1057 484 1125 547 τοῖς
1139 471 1245 555 ξένοις
1266 472 1326 553 μά-

260 586 355 649 λιστα
371 579 591 657 ἐκκαλεῖσθαι,
606 593 674 656 τοῖς
690 581 724 647 δὲ
739 582 892 657 πολίταις
905 576 1033 663 ἥκιστα,
1048 572 1205 655 mahog
1220 578 1327 643 δὲκαὶ

260 690 469 774 δικαστήριον
497 684 661 773 ἐκκλητον
695 686 854 771 λέγουσιν,
896 689 1005 769 Etym.
1030 688 1096 767 Mg.
1120 708 1144 749 s.
1162 707 1192 748 v.
1209 681 1326 769 ἔκκλη-

150 871 156 883 .
261 796 376 861 τεύειν·
408 795 448 861 τὸ
476 794 521 871 εἰς
551 797 660 878 κρίσιν
689 789 789 877 ἄγειν,
812 790 866 859 ίνα
889 791 1072 876 ἐπάναγκές
1093 815 1144 869 τις
1163 794 1326 875 mosomi.

265 897 382 979 Οὕτοος
393 900 559 987 Αἰσχίνης.
584 902 648 967 ,Καὶ
658 901 868 985 δικαστήριον
879 898 1040 985 ἔκκλητον
1052 899 1211 983 λέγουσιν,
1224 900 1282 963 ubi
1294 900 1328 961 in

261 1010 487 1073 adnotatione:
502 1010 566 1073 καί.
581 1058 587 1072 .
605 1008 777 1091 ,λέγουσιν
789 1008 941 1088 ponenda
952 1016 1028 1071 sunt
1039 1005 1187 1070 adfinem
1196 1006 1328 1086 glossae

262 1118 426 1196 sequentis
442 1125 517 1198 post
532 1112 643 1181 οὐκέτι
659 1114 703 1199 (h.
719 1136 745 1178 e.
759 1111 847 1179 ἐκκλ.
859 1114 933 1179 τιόλ.
947 1114 985 1177 ci
997 1116 1048 1196 s).
1094 1114 1138 1176 Hi
1162 1112 1223 1175 loci
1248 1114 1328 1175 nihil

267 1224 424 1303 probant;
460 1223 605 1305 pendent
635 1223 720 1286 enim
753 1242 795 1284 ex
827 1222 1012 1287 Aeschini
1035 1242 1068 1303 p.
1089 1236 1149 1283 112
1174 1222 1194 1300 ξ
1223 1223 1268 1299 89
1300 1216 1330 1283 εί

262 1329 323 1412 μὲν
354 1331 470 1395 τοίνυν
500 1322 541 1413 ἦν
570 1324 588 1393 ὁ
618 1326 709 1412 ἀγὼν
732 1323 845 1393 οὑτοσὶ
867 1326 903 1392 ἐν
924 1326 1020 1392 πόλει
1049 1325 1209 1410 ἐκκλήτῳ,
1241 1322 1329 1408 ὑμᾶς

261 1431 304 1500 ἄν
320 1432 422 1519 ἔγωγε
446 1434 569 1521 ἠξίωσα
591 1434 762 1520 μάρτυράς
784 1459 838 1520 μοι
861 1434 1053 1519 γενέσθαι..
1068 1483 1075 1498 .
1090 1484 1097 1497 .
1113 1455 1120 1468 ·
1144 1430 1172 1496 εί
1188 1422 1216 1496 d’
1232 1428 1329 1515 ὁμὲν

260 1539 353 1625 ἀγὼν
376 1538 467 1607 ἐστιν
494 1533 654 1627 «Ἀθήνησι,
679 1562 777 1624 quem
800 1543 908 1607 locum
930 1541 1135 1623 grammatici
1167 1539 1250 1602 saiso
1281 1541 1327 1601 in-

261 1650 429 1731 terpretati
453 1659 535 1713 sunt.
585 1649 669 1712 Vide
692 1650 802 1717 modo,
844 1650 893 1712 Ita
915 1648 1126 1712 concludunt:
1156 1647 1209 1709 ›Si
1226 1668 1329 1710 causa

263 1765 350 1819 esset
366 1756 398 1817 in
414 1753 566 1840 ἐκκλήτῳ
584 1756 673 1827 urbe.
699 1764 769 1819 tum
793 1777 854 1819 vos
877 1763 978 1819 testes
1000 1756 1132 1817 essetis.
1148 1801 1154 1815 .
1169 1802 1175 1817 .
1189 1776 1214 1833 ,3
1239 1774 1328 1816 nunc

262 1872 311 1925 est
336 1861 483 1929 Athenis.
531 1862 596 1943 Qui
620 1872 729 1926 autem
754 1862 927 1925 Aeschines
945 1862 978 1923 id
994 1861 1101 1923 dicere
1118 1860 1234 1941 potuit,
1266 1862 1327 1923 nisi

157 2027 170 2050 ,
261 1970 323 2031 sub
369 1969 563 2050 quibusdam
610 1969 858 2031 condicionibus
902 1969 966 2031 tale
1004 1967 1126 2047 aliquid
1163 1966 1327 2030 licuisset?
1427 2025 1428 2064 3

261 2076 417 2138 Aeschini
431 2096 496 2138 non
509 2075 611 2151 licuit;
629 2076 719 2157 atqui
732 2074 913 2139 Aeschines
929 2083 997 2138 erat
1010 2074 1089 2137 civis
1098 2075 1327 2159 Atheniensis;
1427 2075 1428 2118 ἓ

262 2203 340 2263 ergo
378 2182 503 2244 civibus
541 2181 799 2245 Atheniensibus
834 2202 899 2244 non
933 2182 1031 2245 licuit.
1086 2182 1328 2264 Relinquuntur
1427 2175 1428 2186 ’

260 2288 440 2371 peregrini;
465 2288 514 2351 his
530 2288 628 2369 igitur
644 2308 835 2352 concessum
851 2297 949 2353 erat«.
981 2288 1049 2351 Sed
1064 2288 1246 2351 Aeschines
1262 2288 1327 2351 hoc

260 2396 369 2477 potius
394 2394 470 2457 vult.
520 2396 609 2458 »Vos
632 2396 687 2477 qui
711 2396 860 2458 iudicatis
882 2394 978 2457 simul
1001 2394 1078 2457 estis
1093 2404 1214 2477 testes;
1239 2397 1327 2457 testi·
1426 2415 1427 2474 η

261 2502 322 2565 bus
338 2502 431 2564 vobis
448 2502 494 2563 uti
510 2522 575 2563 non
598 2502 681 2576 licet,
707 2503 784 2583 quia
807 2522 872 2565 non
897 2522 1008 2563 sumus
1029 2503 1116 2583 apud
1133 2502 1256 2564 iudices
1273 2524 1327 2565 ex·
1426 2565 1427 2582 η

258 2618 386 2685 ternos;
410 2609 549 2687 proinde
572 2607 671 2672 fidem
695 2608 774 2669 mihi
798 2608 948 2671 habeatis
972 2608 1098 2671 etiamsi
1121 2618 1223 2671 testes
1247 2610 1326 2671 mihi
1426 2613 1427 2616 ’

260 2717 408 2777 desunt«.
434 2716 508 2777 Non
521 2716 673 2779 intererat
684 2714 867 2789 Aeschinis
884 2724 991 2777 utrum
1007 2715 1091 2777 hanc
1106 2734 1240 2777 causam
1253 2714 1326 2777 lice-

260 2830 309 2883 ret
323 2841 420 2901 agere
437 2823 525 2901 apud
548 2822 686 2883 arbitros
709 2822 900 2903 peregrinos
923 2825 1089 2903 necne110).
1137 2821 1212 2883 Hoc
1236 2831 1326 2883 recte
1425 2887 1426 2912 ÷

261 2948 313 2989 me
338 2928 445 2989 dicere
469 2928 543 2989 inde
566 2947 698 3009 quoque
721 2929 814 2990 iaciie
830 2937 879 2991 est
895 2928 1068 3001 intellectu,
1094 2928 1184 3007 quod
1199 2926 1326 2990 scholia
1425 2931 1426 2944 ¹

262 3034 304 3095 ad
326 3033 500 3096 Aeschinis
523 3034 629 3097 locum
653 3033 768 3097 similia
791 3038 959 3117 proterunt
979 3047 1075 3114 atque
1098 3036 1318 3115 grammatici:

259 3132 304 3214 ὡς
326 3147 389 3202 νῦν
411 3138 547 3223 λέγομεν
570 3138 609 3203 τι)
633 3136 796 3225 ἔκκλητον
819 3139 942 3216 δοῦναι,
966 3134 1049 3205 ὅταν
1071 3134 1116 3217 είς
1138 3147 1208 3205 τῶν
1232 3141 1323 3205 δικα-

260 3246 407 3330 ζομένων
440 3241 567 3328 ὑπονοῇ
596 3244 658 3310 τὸν
687 3244 846 3329 δικαστὴν
874 3246 1108 3330 καοαδικοίζειν
1135 3240 1175 3314 δι’
1198 3247 1325 3333 ἔχθραν

260 3350 362 3417 αὐτοῦ
391 3350 411 3436 ἢ
440 3354 557 3434 φιλίαν
584 3360 644 3417 τοῦ
674 3349 843 3417 ἀντιδίκου
866 3354 921 3417 καὶ
950 3350 1061 3419 ἕνεκεν
1084 3355 1206 3420 τούτου
1228 3353 1323 3421 ἐκκα-

260 3463 357 3544 λῆται
390 3456 503 3544 ἕτερον
532 3458 744 3543 δικαστήριον
773 3463 869 3542 κοινῇ
899 3458 1104 3545 ἀμφοτέρας.
1135 3485 1323 3548 πορατηρη

258 3566 334 3631 τίαν
372 3560 424 3630 ὅτι
461 3568 511 3649 τῷ
547 3565 606 3649 μὲν
644 3562 782 3649 ὀνόματι
816 3567 990 3652 κέχρηνται
1023 3566 1054 3633 οἱ
1087 3570 1224 3634 παλαιοὶ
1262 3580 1323 3654 τῆς

259 3669 430 3756 ἐκκλήτοο,
465 3669 574 3737 οὐκέτι
607 3670 718 3755 μέντοι
753 3675 809 3738 καί
838 3677 889 3757 τῷ
920 3670 1049 3758 ῥήματι,
1080 3668 1126 3750 ὥς
1158 3692 1262 3756 φασιν
1292 3674 1322 3741 οἱ

260 3768 458 3843 Άττικισταί
474 3788 507 3841 et
523 3776 692 3867 ἀλλοτρίᾳ,
713 3778 759 3847 εἰς
775 3777 816 3863 ἣν
830 3777 1024 3865 ἐξεκέκλητο
1039 3777 1058 3845 ὁ
1073 3775 1321 3866 κριθησόμενος.

368 4008 411 4081 ¹¹⁰)
432 4012 529 4062 uenter
556 4029 582 4078 p.
595 4024 626 4075 91
654 4012 712 4063 adu.
737 4026 753 4076 3
775 4013 848 4065 aliter
871 4029 924 4063 rem
946 4014 1058 4080 exponit,
1087 4013 1132 4065 sed
1155 4014 1209 4080 ipse
1233 4032 1259 4080 P·
1272 4026 1321 4078 493
1422 4082 1424 4086 ,

260 4100 365 4156 dubitat.
