2900 4559
679 264 901 323 „10-

365 456 401 517 II.
426 456 506 519 Hdt.
536 456 575 519 V.
606 469 659 537 95,
691 457 797 525 Strab.
832 480 861 541 p.
890 458 965 529 600.
990 457 1089 537 Diog.
1110 453 1218 517 Laert.
1242 454 1266 516 l.
1291 470 1324 531 4,

265 580 290 639 1,
318 580 367 645 74.
413 564 629 628 Athenienses
658 576 691 629 et
724 565 910 649 Mytilenaei
947 566 988 628 de
1021 564 1123 645 Sigeo
1149 572 1323 635 certantes,

259 691 300 734 ne
329 671 450 735 bellum
478 673 580 748 fieret,
609 660 783 737 Periandro
812 673 981 739 Corinthio
1011 673 1132 736 arbitro
1156 672 1204 734 usi
1235 680 1323 744 sunt,

261 780 315 859 qui
331 789 483 861 utrosque
496 782 529 843 id
546 782 636 863 quod
651 791 729 845 tunc
744 783 850 865 ipsum
866 790 1015 846 tenerent
1031 799 1162 844 servare
1179 779 1325 841 decrevit

259 906 307 952 ca.
326 896 454 949 sextum
477 889 641 952 saeculum
663 889 820 971 incipiens
835 888 875 956 cl.
891 889 1075 971 Toepfferi)
1096 885 1324 969 »quaestiones

258 994 479 1059 Pisistrateae‹
506 996 635 1077 Dorpat
652 997 747 1066 Ι1886
769 1015 845 1078 pars
868 997 896 1058 ll
912 1015 967 1076 pp.
986 999 1142 1070 61—-114
1157 1003 1191 1057 et
1207 993 1323 1055 Busolt

259 1102 407 1181 griech.
435 1100 681 1167 Geschichte
704 1104 717 1165 l
742 1123 774 1183 p.
803 1116 874 1183 515,
900 1103 1010 1166 Gotha
1037 1105 1129 1180 1885.

366 1209 417 1277 Ill.
444 1210 525 1275 Plut.
559 1210 624 1277 Sol.
649 1210 688 1284 X,
714 1210 785 1275 Aet
810 1232 838 1272 v.
864 1210 936 1274 hist.
959 1210 1021 1273 VH
1054 1227 1093 1289 19
1122 1208 1160 1272 cl.
1190 1228 1325 1288 quoque
1443 1247 1444 1250 =

258 1314 354 1395 Diog.
379 1316 485 1380 Laert.
511 1318 524 1379 l
549 1334 576 1379 2.
603 1334 632 1383 2.
659 1320 713 1395 48,
738 1318 839 1384 Arist.
864 1318 951 1381 Rhet
973 1318 995 1380 l.
1024 1330 1060 1396 15
1087 1317 1104 1401 ᾗ
1125 1333 1161 1395 13
1183 1335 1214 1395 p.
1238 1327 1319 1395 1375

257 1422 476 1487 Athenienses
501 1434 533 1489 et
556 1425 765 1505 Megarenses
795 1426 836 1489 de
864 1425 967 1489 insula
990 1423 1155 1489 Salamine
1179 1443 1197 1484 e
1220 1422 1320 1484 Lace-

259 1527 437 1594 daemoniis
472 1534 657 1615 petiverunt
692 1541 727 1596 ut
754 1533 983 1606 discernerent,
1009 1533 1065 1614 qui
1088 1550 1136 1597 ca.
1166 1542 1229 1610 570
1260 1526 1318 1608 (cl.

259 1638 371 1701 Busolt
406 1640 549 1721 griech.
574 1638 714 1704 Gesch.
752 1640 766 1702 Ι
797 1640 859 1718 546
881 1641 955 1702 adn.
984 1638 1210 1721 1lquinque4)
1234 1636 1320 1697 viros

259 1744 405 1809 lecerunt
428 1747 559 1810 iudices.
1002 1751 1004 1754 ’

363 1854 418 1919 IV.
444 1854 522 1917 Hdt.
547 1855 593 1919 VI
621 1858 681 1917 108
703 1853 922 1917 Athenienses
945 1852 1221 1932 Plataeensesque
1245 1871 1320 1913 cum

257 1961 413 2024 societate
428 1961 564 2025 Boeotia
588 1963 842 2025 controversiam
857 1961 1033 2034 habebant,
1051 1959 1141 2041 quod
1156 1958 1318 2021 Plataeen-

141 2070 145 2078 '
257 2088 309 2131 ses
333 2089 350 2130 e
365 2070 522 2133 societate
538 2077 746 2131 recesserant.
793 2069 842 2131 Ne
858 2068 980 2132 bellum
996 2068 1133 2130 oriretur
1149 2065 1318 2136 Corinthii,

259 2176 313 2255 qui
348 2175 484 2243 arbitros
519 2196 553 2238 se
588 2176 906 2250 commendaverant,
940 2173 1084 2237 exauditi
1119 2181 1201 2235 sunt.
1253 2171 1321 2233 Sed

260 2282 377 2345 iudicio
402 2304 467 2346 non
491 2282 645 2345 satisfacti
668 2281 785 2345 Boeoti
808 2284 850 2346 ab
873 2280 1129 2346 Atheniensibus
1152 2280 1227 2342 victi
1244 2287 1321 2340 sunt

259 2390 387 2451 saeculo
412 2399 505 2453 sexto
529 2398 669 2453 exeunte
692 2388 731 2452 cl.
757 2389 860 2455 Thuc.
884 2391 927 2451 Ill
954 2402 991 2468 55
1018 2397 1051 2451 et
1073 2388 1127 2451 68.

366 2498 405 2559 V.
429 2496 508 2559 Plut.
523 2498 756 2564 ThemXXlV
768 2496 1023 2577 Corcyraeorum
1036 2503 1068 2558 et
1081 2492 1323 2557 Corinthiorum

258 2603 296 2665 lis
319 2624 338 2665 a
360 2603 580 2668 Themistocle
604 2606 649 2669 ita
673 2604 846 2667 diiudicata
869 2604 985 2666 dicitur
1004 2622 1085 2674 esse,
1112 2610 1146 2664 ut
1162 2599 1320 2663 Corinthii

259 2711 372 2791 viginti
400 2711 522 2777 talenta
554 2713 742 2792 penderent.
767 2712 891 2773 Leucas
922 2710 1103 2774 communis
1137 2716 1223 2771 esset
1246 2727 1319 2788 pos·

234 2818 369 2885 sessio.
416 2818 515 2899 Quod
539 2818 658 2883 sactum
683 2827 732 2883 est
754 2827 829 2882 ante
851 2819 927 2897 468.

365 2927 420 2990 VI.
446 2925 549 2993 Thuc.
563 2928 585 2991 Ι.
599 2931 641 2991 28
657 2947 744 2991 anno
762 2939 824 3006 435
851 2927 892 2989 de
914 2926 1123 3008 possessione
1145 2922 1321 3006 Epidamni

257 3032 404 3097 coloniae
431 3032 552 3098 iudices
576 3034 745 3118 proposita
767 3042 842 3096 sunt
866 3034 962 3097 urbes
984 3031 1241 3115 Peloponnes-iae
1266 3038 1321 3091 aut

260 3129 425 3203 oraculum
455 3141 652 3221 Delphicum
661 3145 686 3223 ⁵)
710 3162 729 3205 a
754 3140 943 3222 Corcyraeis
973 3141 1031 3203 sed
1063 3138 1218 3202 Corinthii
1252 3156 1319 3199 rem

259 3247 380 3310 irritam
404 3247 548 3312 fecerunt
570 3249 608 3312 cf.
634 3251 731 3315 etiam
755 3253 769 3314 l
793 3265 832 3331 35
858 3260 891 3315 et
915 3266 966 3329 39.

365 3406 384 3477 ³)
405 3409 523 3475 Toepfser
545 3411 564 3463 l.
593 3411 610 3462 l.
641 3412 796 3463 demonstrat
825 3427 926 3477 quoque
955 3411 1099 3476 Diogenem
1129 3407 1257 3458 Laertinm
1289 3405 1321 3453 de

257 3498 424 3564 Ἀχιλλείτιδι
443 3499 527 3565 χώρᾳ,
553 3516 603 3551 non
623 3502 655 3551 de
673 3502 749 3567 Sigeo
767 3502 836 3551 litem
863 3509 943 3551 ortam
961 3515 1015 3549 esse
1040 3500 1164 3556 dicentem
1190 3496 1275 3561 ipsum
1293 3510 1320 3545 se

256 3588 376 3645 refellere,

365 3674 386 3744 ⁴)
405 3679 528 3728 Haasium
554 3696 594 3744 ap.
615 3678 691 3729 Ersch
716 3680 769 3729 und
787 3679 885 3729 Gruber
915 3680 993 3745 allg.
1022 3677 1211 3743 Encykl.111
1240 3688 1270 3724 21
1293 3692 1318 3740 p.
1383 3714 1388 3721 .
1443 3727 1445 3756 ι

256 3782 309 3829 414
327 3784 347 3823 s,
374 3783 397 3818 v.
423 3767 537 3817 Phalanx
556 3768 616 3824 adn,
641 3768 672 3817 18
691 3768 761 3833 quod
780 3768 847 3818 hunc
868 3784 999 3818 numerum
1022 3768 1157 3818 cohaerere
1175 3766 1236 3815 dicit
1261 3780 1318 3815 cum

256 3871 360 3905 numero
378 3858 528 3921 ephororum
554 3872 634 3907 errare
651 3865 721 3923 puta,
741 3873 800 3907 nam
818 3874 843 3907 n.
873 3858 906 3919 67
934 3875 960 3923 p.
979 3872 1014 3919 40
1027 3855 1219 3908 Lacedaemonii
1238 3868 1317 3903 unum

257 3945 419 3995 Charmidam
438 3946 557 4010 ablegant
575 3954 599 3996 et
617 3947 659 3996 alii
677 3961 779 4012 quoque
796 3947 885 4013 populi
904 3962 956 3996 non
982 3947 1068 3997 Dorici
1093 3947 1204 4012 quinque
1227 3942 1319 4008 legatis

256 4042 359 4086 utuntur
377 4034 408 4084 cs.
429 4033 457 4082 C.
475 4036 497 4098 J.
516 4035 547 4087 A.
569 4047 592 4083 2.
614 4044 672 4099 593,
691 4050 716 4097 4.
738 4049 787 4086 aze
804 4053 831 4102 p.
851 4036 877 4098 6,
897 4036 963 4087 Mitt.
983 4035 1041 4085 ath.
1063 4052 1089 4098 4,
1113 4048 1173 4092 210,

364 4120 383 4193 ⁶)
404 4123 539 4174 Oraculum
551 4124 711 4191 Delphicum.
725 4141 783 4176 cum
796 4125 859 4175 Glos
871 4133 896 4175 et
909 4125 1010 4177 Tachos
1024 4136 1102 4176 morte
1114 4124 1209 4191 abrepti
1222 4130 1315 4186 essent,
