2900 4559
672 211 893 285 4-’54-

254 409 409 480 adversus
426 407 654 476 ‚Alexandrum
678 408 719 473 de
743 415 905 489 potestate
929 405 1032 489 regia3
1057 402 1132 467 ideo
1153 402 1319 468 coniuncti
1436 421 1438 424 ·

252 517 442 597 Pelopidam
472 516 709 587 arcessiverunt
743 508 789 589 ὡς
823 512 1023 597 διαλλακτὴν
1057 513 1112 577 καὶ
1147 510 1317 593 δικαστήν,

254 625 310 707 qui
339 623 530 695 Alexandro
559 641 696 707 regnum
730 621 843 691 tribuit
866 620 906 687 cf.
930 619 1033 684 Diod..
1051 620 1113 683 XV
1137 620 1182 683 60
1205 628 1238 681 et
1263 634 1316 697 71.

277 780 279 789 v
359 748 503 815 LXXIII.
526 747 664 815 Newton
686 746 794 827 11263
812 755 863 812 cst
885 747 1051 811 decretum
1073 743 1320 827 Calymniorum

256 856 287 918 in
322 854 480 919 honorem
514 854 657 918 iudicum
692 851 949 938 externorum.²⁸)
994 851 1122 916 Titulus
1148 860 1201 915 est
1230 849 1320 913 tertii
1436 823 1438 904 ἓ

255 962 382 1031 saeculi.

360 1085 507 1152 Lxxrv.
535 1082 570 1151 c.
590 1085 616 1167 J.
641 1083 680 1152 G.
712 1037 832 1162 22641
860 1113 904 1149 a
932 1085 1017 1151 Ross
1047 1084 1134 1150 arcu.
1164 1081 1257 1149 Auls.
1289 1082 1319 1146 11
1436 1153 1437 1156 Ν

254 1215 287 1277 p.
313 1194 379 1271 640
400 1214 431 1259 n.
459 1205 474 1272 5
500 1220 543 1249 =
566 1192 722 1274 Rangabe
745 1192 919 1273 antiquites
942 1190 1183 1271 hesseuiquesfl
1200 1212 1230 1259 n.
1243 1192 1318 1271 766.

254 1300 288 1365 A
311 1300 463 1365 Minottis
487 1298 668 1365 afficiuntur
694 1298 874 1363 honoribus
903 1299 1026 1365 iudices
1055 1298 1227 1381 peregrini,
1251 1315 1319 1359 non

253 1407 428 1490 Amorgini
461 1406 503 1471 cs.
538 1406 631 1471 Ross.
664 1407 706 1471 ad
734 1427 763 1468 v.
796 1423 824 1487 3.
870 1406 997 1475 Iudices
1030 1404 1112 1470 fiunt
1142 1401 1319 1487 εὐεργέται,
1436 1469 1437 1502 3

252 1516 292 1577 iis
315 1523 348 1578 et
370 1514 509 1598 posteris
532 1513 649 1577 dantur
678 1510 829 1589 εἵςκλους
851 1533 932 1596 pace
959 1513 1118 1593 belloque,
1147 1512 1253 1574 aditus
1276 1511 1320 1573 ad

254 1630 402 1686 senatum
426 1619 659 1703 populumque,
676 1639 799 1684 corona
815 1640 913 1685 aurea
928 1629 1061 1683 centum
1077 1618 1317 1689 drachmarum,
1436 1679 1437 1688 ,

258 1728 493 1810 quinquaginta
516 1726 689 1795 drachmae
712 1727 754 1789 ad
778 1746 903 1792 sacrum
933 1726 1118 1795 faciendum
1148 1734 1319 1805 tamquam
1436 1781 1438 1820 ὲ

255 1836 362 1909 lautia,
387 1834 527 1900 honores
548 1833 743 1917 proclamari
766 1836 918 1898 iubentur
933 1833 1098 1914 Dionysiis
1122 1841 1155 1895 et
1169 1830 1317 1901 Heraeis,
1436 1827 1438 1886 l

257 1941 424 2010 decretum
462 1942 494 2005 iu
531 1939 655 2023 templo
693 1939 853 2023 Apollinis
893 1941 1094 2026 proponitur.
1152 1937 1320 2020 Scriptura
1436 1971 1438 2030 3

256 2048 385 2113 saeculo
405 2046 509 2111 altero
531 2048 689 2112 vetustior
711 2056 770 2117 est.
1436 2033 1438 2079 ²

360 2172 495 2240 LXXV.
518 2172 595 2255 Pap.
618 2172 631 2233 1
656 2192 686 2237 n.
716 2188 756 2238 ιο
779 2170 953 2237 Servatum
976 2181 1027 2237 est
1056 2171 1133 2234 nihil
1162 2169 1220 2233 nisi
1250 2186 1318 2229 ver·
1436 2245 1438 2268 1

256 2282 337 2345 bum
360 2280 573 2353 affluam
596 2280 677 2343 infra
700 2280 791 2365 quod
814 2281 958 2351 medium
976 2279 1066 2361 capri
1081 2285 1182 2361 caput
1197 2294 1319 2339 corona
1436 2273 1438 2338 l

252 2388 396 2453 cinctum
410 2386 606 2467 insculptum
629 2396 692 2450 est..
736 2387 909 2456 Sterretius
933 2386 1039 2454 editor
1055 2386 1099 2449 ab
1114 2382 1319 2465 Aegeatibus

256 2493 380 2557 honore
425 2492 559 2559 affectos
597 2514 670 2557 esse
708 2492 878 2577 profitetur
919 2493 1039 2557 Assios.
1081 2492 1213 2563 iudices,
1254 2508 1318 2573 ego
1436 2529 1437 2572 3

254 2601 393 2667 invicem
415 2601 457 2665 ab
489 2600 593 2665 Assiis
626 2601 802 2681 Aegeatas.
850 2602 933 2665 Nam
969 2600 1071 2668 multo
1107 2598 1229 2666 maiore
1252 2595 1319 2659 fide
1436 2655 1438 2676 ,

254 2708 392 2790 dignum
416 2716 464 2771 est
492 2706 524 2771 in
558 2707 665 2791 capite
700 2708 821 2778 decreti
855 2710 934 2790 poni
969 2727 1089 2771 nomen
1123 2704 1245 2770 laudati
1282 2712 1318 2765 ut
1436 2738 1438 2786 l

254 2814 351 2881 etiam
376 2812 445 2897 C.J.
462 2812 500 2880 G.
532 2830 619 2895 2349
647 2814 669 2881 b
707 2817 749 2897 (n.
782 2813 974 2897 CXXXVII)
1008 2834 1110 2899 quam
1143 2812 1316 2878 laudantis.
1436 2801 1437 2878 J

254 2920 365 2991 Etiam
384 2941 471 2987 nunc
494 2941 567 2999 mos
590 2930 648 2995 est,
672 2921 699 2986 si
723 2922 774 2987 cui
798 2922 876 3003 quid
899 2923 1068 2996 donamus,
1089 2921 1164 2983 eius
1186 2920 1317 3001 signum

255 3027 301 3089 rei
336 3026 477 3094 donatae
504 3026 646 3108 affigere,
682 3047 749 3094 non
786 3038 945 3102 nostrum,
984 3027 1143 3111 imprimis
1175 3028 1207 3088 in
1243 3026 1317 3088 loco
1436 3021 1437 3106 3

258 3132 536 3205 excellentissimo.
590 3134 762 3199 Praeterea
797 3136 937 3217 probata
975 3134 1107 3197 editoris
1152 3132 1318 3199 sententia
1436 3117 1438 3186 ἱ

257 3240 456 3311 desideratur
479 3235 497 3307 ὁ
521 3238 620 3323 δᾶμος
643 3236 674 3327 ὁ]
690 3240 852 3325 Αἰγαέων,
873 3252 943 3306 turn
967 3250 1077 3309 autem
1093 3240 1183 3323 capri
1205 3248 1314 3321 caput,

254 3344 334 3413 tiso
361 3345 435 3411 loco
461 3346 597 3417 incisum
627 3357 713 3416 esset
744 3350 820 3430 quia
848 3349 880 3412 in
902 3349 1012 3414 medio
1034 3348 1068 3416 id
1089 3356 1316 3428 expectamus,

256 3472 322 3516 non
344 3454 376 3516 in
399 3454 516 3517 dextro
540 3452 649 3521 latere.
688 3455 810 3536 Agitur
833 3456 874 3517 de
897 3455 976 3519 urbe
1000 3454 1136 3518 Aeolica
1151 3452 1251 3538 Αἰγαὶ
1266 3455 1319 3518 vel
1436 3443 1438 3448 ’

256 3557 398 3644 Αἰγαιαί.
445 3560 564 3625 Forma
587 3560 766 3626 litterarum
790 3570 840 3624 est
862 3562 948 3625 tertii
970 3562 1097 3625 saeculi.

364 3806 397 3879 ²⁹)
417 3810 505 3863 Editor
523 3811 597 3863 refert
615 3811 649 3863 ad
667 3811 695 3865 C.
703 3812 727 3877 J.
738 3812 771 3864 G.
791 3813 856 3875 2671
884 3809 920 3879 (n.
940 3809 1072 3879 CXXXII)
1093 3818 1118 3860 et
1135 3828 1159 3863 v.
1179 3824 1194 3859 2
1213 3810 1317 3877 supplet
1436 3809 1438 3828 ¹

258 3900 377 3965 addunt
397 3898 422 3968 [ὁ
441 3900 565 3965 'lautum
591 3900 636 3951 sed
653 3901 750 3951 iniuria.
765 3937 768 3944 ,
786 3901 853 3954 Nam
872 3902 935 3960 ordo
957 3902 1091 3951 verborum
1116 3903 1243 3967 verbaque
1260 3902 1317 3967 ipsa
1436 3934 1438 3961 ,

256 3995 316 4043 sunt
338 3989 422 4045 allona
445 3988 551 4049 atitulo
578 3988 608 4041 C.
624 3989 647 4054 J.
667 3989 700 4041 G.
727 3990 805 4052 2671.
854 3992 930 4043 Fuso
952 3990 1080 4070 suppleuit
1106 3991 1141 4042 N.
1159 3988 1318 4059 admoturo-
1436 3965 1438 3992 Ι

254 4092 340 4145 pirou
358 4078 517 4130 scribendum
535 4086 587 4129 arat
604 4080 826 4144 παραγινόμενοι,
843 4080 889 4131 sed
905 4088 1012 4147 porrum
1029 4080 1107 4134 etiam
1123 4081 1174 4132 alia
1191 4081 1281 4133 oouici.
