<?xml version="1.0" encoding="UTF-8"?>
<!DOCTYPE html PUBLIC "-//W3C//DTD XHTML 1.0 Transitional//EN"
    "http://www.w3.org/TR/xhtml1/DTD/xhtml1-transitional.dtd">
<html xmlns="http://www.w3.org/1999/xhtml" xml:lang="en" lang="en">
 <head>
  <title>
</title>
<meta http-equiv="Content-Type" content="text/html;charset=utf-8" />
  <meta name='ocr-system' content='tesseract 3.04.00' />
  <meta name='ocr-capabilities' content='ocr_page ocr_carea ocr_par ocr_line ocrx_word'/>
</head>
<body>
  <div class='ocr_page' id='page_1' title='image "./dearbitrisexter00sonngoog_0059.png"; bbox 0 0 2900 4559; ppageno 0'>
   <div class='ocr_carea' id='block_1_1' title="bbox 587 228 804 294">
    <p class='ocr_par' dir='ltr' id='par_1_1' title="bbox 587 228 804 294">
     <span class='ocr_line' id='line_1_1' title="bbox 587 228 804 294; baseline 0 -17"><span class='ocrx_word' id='word_1_1' title='bbox 587 228 804 294; x_wconf 70' lang='lat'><strong>..55-</strong></span> 
     </span>
    </p>
   </div>
   <div class='ocr_carea' id='block_1_2' title="bbox 164 422 1253 1138">
    <p class='ocr_par' dir='ltr' id='par_1_2' title="bbox 164 422 1253 1138">
     <span class='ocr_line' id='line_1_2' title="bbox 274 422 1227 509; baseline 0.005 -21"><span class='ocrx_word' id='word_1_2' title='bbox 274 425 420 491; x_wconf 91' lang='lat' dir='ltr'><strong>LXXVI.</strong></span> <span class='ocrx_word' id='word_1_3' title='bbox 445 429 529 489; x_wconf 90' lang='lat' dir='ltr'>Ross</span> <span class='ocrx_word' id='word_1_4' title='bbox 562 425 588 506; x_wconf 88' lang='lat' dir='ltr'>J.</span> <span class='ocrx_word' id='word_1_5' title='bbox 614 422 653 489; x_wconf 89' lang='lat' dir='ltr'>G.</span> <span class='ocrx_word' id='word_1_6' title='bbox 686 424 704 488; x_wconf 86' lang='lat' dir='ltr'>i.</span> <span class='ocrx_word' id='word_1_7' title='bbox 739 424 782 487; x_wconf 91' lang='lat'>111</span> <span class='ocrx_word' id='word_1_8' title='bbox 813 446 845 507; x_wconf 85' lang='lat' dir='ltr'>p.</span> <span class='ocrx_word' id='word_1_9' title='bbox 883 441 916 489; x_wconf 78' lang='grc' dir='ltr'>Π</span> <span class='ocrx_word' id='word_1_10' title='bbox 950 446 973 489; x_wconf 91' lang='lat' dir='ltr'>n</span> <span class='ocrx_word' id='word_1_11' title='bbox 1012 439 1076 506; x_wconf 79' lang='lat'>250</span> <span class='ocrx_word' id='word_1_12' title='bbox 1108 425 1227 509; x_wconf 75' lang='lat' dir='ltr'>partim</span> 
     </span>
     <span class='ocr_line' id='line_1_3' title="bbox 164 530 1226 614; baseline -0.002 -17"><span class='ocrx_word' id='word_1_13' title='bbox 164 534 306 597; x_wconf 88' lang='lat' dir='ltr'>restituit</span> <span class='ocrx_word' id='word_1_14' title='bbox 335 533 458 595; x_wconf 86' lang='lat' dir='ltr'>Keilius</span> <span class='ocrx_word' id='word_1_15' title='bbox 489 530 565 614; x_wconf 82' lang='lat' dir='ltr'><strong>Syll.</strong></span> <span class='ocrx_word' id='word_1_16' title='bbox 588 551 620 614; x_wconf 90' lang='lat' dir='ltr'>p.</span> <span class='ocrx_word' id='word_1_17' title='bbox 646 548 687 595; x_wconf 87' lang='lat'>22</span> <span class='ocrx_word' id='word_1_18' title='bbox 717 534 762 597; x_wconf 89' lang='lat' dir='ltr'>ita</span> <span class='ocrx_word' id='word_1_19' title='bbox 798 540 832 597; x_wconf 90' lang='lat' dir='ltr'>ut</span> <span class='ocrx_word' id='word_1_20' title='bbox 866 533 909 597; x_wconf 90' lang='lat' dir='ltr'>sit</span> <span class='ocrx_word' id='word_1_21' title='bbox 943 534 1108 599; x_wconf 89' lang='lat' dir='ltr'>decretum</span> <span class='ocrx_word' id='word_1_22' title='bbox 1143 532 1226 597; x_wconf 86' lang='lat' dir='ltr'>The·</span> 
     </span>
     <span class='ocr_line' id='line_1_4' title="bbox 168 638 1227 705; baseline -0.001 0"><span class='ocrx_word' id='word_1_23' title='bbox 168 662 319 705; x_wconf 88' lang='lat' dir='ltr'>raeorum</span> <span class='ocrx_word' id='word_1_24' title='bbox 349 642 381 703; x_wconf 92' lang='lat' dir='ltr'>in</span> <span class='ocrx_word' id='word_1_25' title='bbox 407 641 565 704; x_wconf 84' lang='lat' dir='ltr'>honorem</span> <span class='ocrx_word' id='word_1_26' title='bbox 590 638 732 703; x_wconf 92' lang='lat' dir='ltr'>iudicum</span> <span class='ocrx_word' id='word_1_27' title='bbox 755 649 972 704; x_wconf 88' lang='lat' dir='ltr'>externorum.</span> <span class='ocrx_word' id='word_1_28' title='bbox 1020 640 1102 704; x_wconf 89' lang='lat' dir='ltr'>Cum</span> <span class='ocrx_word' id='word_1_29' title='bbox 1117 650 1227 704; x_wconf 87' lang='lat' dir='ltr'>autem</span> 
     </span>
     <span class='ocr_line' id='line_1_5' title="bbox 165 737 1227 831; baseline -0.003 -19"><span class='ocrx_word' id='word_1_30' title='bbox 165 748 437 812; x_wconf 89' lang='lat' dir='ltr'>Wilamowitzius</span> <span class='ocrx_word' id='word_1_31' title='bbox 459 747 536 809; x_wconf 91' lang='lat' dir='ltr'>mihi</span> <span class='ocrx_word' id='word_1_32' title='bbox 558 746 817 829; x_wconf 84' lang='lat' dir='ltr'>suppeditaverit</span> <span class='ocrx_word' id='word_1_33' title='bbox 838 768 869 814; x_wconf 86' lang='lat' dir='ltr'>v.</span> <span class='ocrx_word' id='word_1_34' title='bbox 895 763 911 826; x_wconf 87' lang='lat'>3</span> <span class='ocrx_word' id='word_1_35' title='bbox 937 745 971 831; x_wconf 78' lang='grc' dir='ltr'>ἐξ</span> <span class='ocrx_word' id='word_1_36' title='bbox 994 737 1142 823; x_wconf 69' lang='grc' dir='ltr'><strong><em>Ἰουλίδος</em></strong></span> <span class='ocrx_word' id='word_1_37' title='bbox 1166 768 1227 831; x_wconf 90' lang='lat' dir='ltr'>pro</span> 
     </span>
     <span class='ocr_line' id='line_1_6' title="bbox 165 842 1253 940; baseline -0.004 -19"><span class='ocrx_word' id='word_1_38' title='bbox 165 854 202 940; x_wconf 69' lang='grc' dir='ltr'>ἐξ</span> <span class='ocrx_word' id='word_1_39' title='bbox 231 856 442 933; x_wconf 61' lang='lat' dir='ltr'>omnus,</span> <span class='ocrx_word' id='word_1_40' title='bbox 474 873 556 933; x_wconf 91' lang='lat' dir='ltr'>quae</span> <span class='ocrx_word' id='word_1_41' title='bbox 586 853 683 918; x_wconf 86' lang='lat' dir='ltr'>verba</span> <span class='ocrx_word' id='word_1_42' title='bbox 714 864 852 935; x_wconf 87' lang='lat' dir='ltr'>utroque</span> <span class='ocrx_word' id='word_1_43' title='bbox 886 875 929 921; x_wconf 83' lang='lat' dir='ltr'>ex</span> <span class='ocrx_word' id='word_1_44' title='bbox 960 855 1059 919; x_wconf 84' lang='lat' dir='ltr'>latere</span> <span class='ocrx_word' id='word_1_45' title='bbox 1093 842 1253 919; x_wconf 68' lang='lat' dir='ltr'>circum</span> 
     </span>
     <span class='ocr_line' id='line_1_7' title="bbox 165 960 1228 1043; baseline -0.002 -17"><span class='ocrx_word' id='word_1_46' title='bbox 165 965 287 1027; x_wconf 87' lang='lat' dir='ltr'>dantur</span> <span class='ocrx_word' id='word_1_47' title='bbox 309 961 495 1027; x_wconf 88' lang='lat' dir='ltr'>nominibus</span> <span class='ocrx_word' id='word_1_48' title='bbox 517 960 664 1043; x_wconf 91' lang='lat' dir='ltr'>propriis,</span> <span class='ocrx_word' id='word_1_49' title='bbox 689 962 837 1043; x_wconf 90' lang='lat' dir='ltr'>sequitur</span> <span class='ocrx_word' id='word_1_50' title='bbox 861 970 894 1025; x_wconf 91' lang='lat' dir='ltr'>et</span> <span class='ocrx_word' id='word_1_51' title='bbox 921 982 965 1025; x_wconf 84' lang='lat' dir='ltr'>ex</span> <span class='ocrx_word' id='word_1_52' title='bbox 995 962 1095 1025; x_wconf 93' lang='lat' dir='ltr'>lulide</span> <span class='ocrx_word' id='word_1_53' title='bbox 1125 973 1157 1025; x_wconf 93' lang='lat' dir='ltr'>et</span> <span class='ocrx_word' id='word_1_54' title='bbox 1185 982 1228 1024; x_wconf 87' lang='lat' dir='ltr'>ex</span> 
     </span>
     <span class='ocr_line' id='line_1_8' title="bbox 167 1066 1228 1138; baseline -0.004 -4"><span class='ocrx_word' id='word_1_55' title='bbox 167 1072 239 1134; x_wconf 82' lang='lat' dir='ltr'>aliis</span> <span class='ocrx_word' id='word_1_56' title='bbox 273 1070 408 1135; x_wconf 87' lang='lat' dir='ltr'>urbibus</span> <span class='ocrx_word' id='word_1_57' title='bbox 443 1066 517 1133; x_wconf 90' lang='lat' dir='ltr'>Ceis</span> <span class='ocrx_word' id='word_1_58' title='bbox 552 1067 672 1130; x_wconf 91' lang='lat' dir='ltr'>iudices</span> <span class='ocrx_word' id='word_1_59' title='bbox 713 1069 884 1131; x_wconf 89' lang='lat' dir='ltr'>arcessitos</span> <span class='ocrx_word' id='word_1_60' title='bbox 926 1090 1005 1132; x_wconf 92' lang='lat' dir='ltr'>esse.</span> <span class='ocrx_word' id='word_1_61' title='bbox 1050 1070 1156 1138; x_wconf 88' lang='lat' dir='ltr'>Datur</span> <span class='ocrx_word' id='word_1_62' title='bbox 1189 1070 1228 1131; x_wconf 93' lang='lat' dir='ltr'>iis</span> 
     </span>
    </p>
   </div>
   <div class='ocr_carea' id='block_1_3' title="bbox 170 1173 1228 1361">
    <p class='ocr_par' dir='ltr' id='par_1_3' title="bbox 170 1173 1228 1361">
     <span class='ocr_line' id='line_1_9' title="bbox 171 1173 1228 1257; baseline -0.003 -16"><span class='ocrx_word' id='word_1_63' title='bbox 171 1197 295 1241; x_wconf 89' lang='lat' dir='ltr'>corona</span> <span class='ocrx_word' id='word_1_64' title='bbox 319 1196 402 1257; x_wconf 90' lang='lat' dir='ltr'>quae</span> <span class='ocrx_word' id='word_1_65' title='bbox 426 1194 499 1237; x_wconf 91' lang='lat' dir='ltr'>cum</span> <span class='ocrx_word' id='word_1_66' title='bbox 529 1173 749 1255; x_wconf 88' lang='lat' dir='ltr'>psephismate</span> <span class='ocrx_word' id='word_1_67' title='bbox 778 1176 981 1240; x_wconf 76' lang='lat' dir='ltr'>adulteram</span> <span class='ocrx_word' id='word_1_68' title='bbox 1014 1178 1127 1242; x_wconf 87' lang='lat' dir='ltr'>urbem</span> <span class='ocrx_word' id='word_1_69' title='bbox 1156 1176 1228 1239; x_wconf 84' lang='lat' dir='ltr'>ierri</span> 
     </span>
     <span class='ocr_line' id='line_1_10' title="bbox 170 1280 851 1361; baseline -0.001 -14"><span class='ocrx_word' id='word_1_70' title='bbox 170 1286 309 1351; x_wconf 90' lang='lat' dir='ltr'>iubetur.</span> <span class='ocrx_word' id='word_1_71' title='bbox 356 1281 522 1345; x_wconf 85' lang='lat' dir='ltr'>Dialectus</span> <span class='ocrx_word' id='word_1_72' title='bbox 545 1291 595 1345; x_wconf 91' lang='lat' dir='ltr'>est</span> <span class='ocrx_word' id='word_1_73' title='bbox 616 1280 735 1345; x_wconf 84' lang='lat' dir='ltr'>saeculi</span> <span class='ocrx_word' id='word_1_74' title='bbox 757 1281 851 1361; x_wconf 84' lang='lat' dir='ltr'>Illlll.</span> 
     </span>
    </p>
   </div>
   <div class='ocr_carea' id='block_1_4' title="bbox 164 1404 1231 2897">
    <p class='ocr_par' dir='ltr' id='par_1_4' title="bbox 164 1404 1229 2354">
     <span class='ocr_line' id='line_1_11' title="bbox 279 1404 1229 1489; baseline -0.001 -18"><span class='ocrx_word' id='word_1_75' title='bbox 279 1408 440 1471; x_wconf 86' lang='lat' dir='ltr'><strong>LXXVII.</strong></span> <span class='ocrx_word' id='word_1_76' title='bbox 476 1404 598 1486; x_wconf 80' lang='lat' dir='ltr'>c.J.G.</span> <span class='ocrx_word' id='word_1_77' title='bbox 634 1419 720 1485; x_wconf 82' lang='lat'>2147</span> <span class='ocrx_word' id='word_1_78' title='bbox 750 1434 794 1464; x_wconf 86' lang='lat'>==</span> <span class='ocrx_word' id='word_1_79' title='bbox 823 1407 871 1470; x_wconf 90' lang='lat' dir='ltr'>Le</span> <span class='ocrx_word' id='word_1_80' title='bbox 904 1409 969 1473; x_wconf 81' lang='lat' dir='ltr'>Bas</span> <span class='ocrx_word' id='word_1_81' title='bbox 1001 1410 1029 1473; x_wconf 89' lang='lat'>11</span> <span class='ocrx_word' id='word_1_82' title='bbox 1068 1409 1152 1489; x_wconf 66' lang='lat'>1586</span> <span class='ocrx_word' id='word_1_83' title='bbox 1183 1409 1229 1473; x_wconf 87' lang='lat' dir='ltr'>ita</span> 
     </span>
     <span class='ocr_line' id='line_1_12' title="bbox 169 1503 1229 1600; baseline 0 -19"><span class='ocrx_word' id='word_1_84' title='bbox 169 1516 422 1597; x_wconf 75' lang='lat' dir='ltr'>supplendum.</span> <span class='ocrx_word' id='word_1_85' title='bbox 439 1503 565 1595; x_wconf 73' lang='grc' dir='ltr'><em>Ἐπειδὴ</em></span> <span class='ocrx_word' id='word_1_86' title='bbox 592 1519 652 1576; x_wconf 77' lang='grc' dir='ltr'>τσῦ</span> <span class='ocrx_word' id='word_1_87' title='bbox 675 1511 778 1595; x_wconf 72' lang='grc' dir='ltr'><em>δήμου</em></span> <span class='ocrx_word' id='word_1_88' title='bbox 815 1514 1012 1591; x_wconf 62' lang='grc' dir='ltr'><em>σπεύόωπος</em></span> <span class='ocrx_word' id='word_1_89' title='bbox 1048 1511 1131 1600; x_wconf 75' lang='grc' dir='ltr'>ὑπὲρ</span> <span class='ocrx_word' id='word_1_90' title='bbox 1168 1524 1229 1599; x_wconf 83' lang='grc' dir='ltr'>τῆς</span> 
     </span>
     <span class='ocr_line' id='line_1_13' title="bbox 164 1618 1229 1709; baseline -0.001 -19"><span class='ocrx_word' id='word_1_91' title='bbox 164 1623 254 1709; x_wconf 82' lang='grc' dir='ltr'><strong><em>πρὸς</em></strong></span> <span class='ocrx_word' id='word_1_92' title='bbox 276 1618 419 1706; x_wconf 66' lang='lat' dir='ltr'>{corotici</span> <span class='ocrx_word' id='word_1_93' title='bbox 446 1618 659 1694; x_wconf 73' lang='grc' dir='ltr'><strong><em>ὁικαιοὸοσίας</em></strong></span> <span class='ocrx_word' id='word_1_94' title='bbox 682 1620 737 1685; x_wconf 81' lang='grc' dir='ltr'>καὶ</span> <span class='ocrx_word' id='word_1_95' title='bbox 766 1623 1006 1705; x_wconf 72' lang='lat' dir='ltr'>npoxplvamog</span> <span class='ocrx_word' id='word_1_96' title='bbox 1035 1621 1096 1689; x_wconf 69' lang='lat' dir='ltr'>cdv</span> <span class='ocrx_word' id='word_1_97' title='bbox 1124 1623 1229 1706; x_wconf 64' lang='grc' dir='ltr'><em>δήμω)</em></span> 
     </span>
     <span class='ocr_line' id='line_1_14' title="bbox 169 1717 1229 1815; baseline -0.006 -18"><span class='ocrx_word' id='word_1_98' title='bbox 169 1731 232 1797; x_wconf 82' lang='grc' dir='ltr'>τὸν</span> <span class='ocrx_word' id='word_1_99' title='bbox 255 1720 416 1813; x_wconf 69' lang='lat' dir='ltr'>deplmvl</span> <span class='ocrx_word' id='word_1_100' title='bbox 442 1717 519 1809; x_wconf 78' lang='grc' dir='ltr'>παρ’</span> <span class='ocrx_word' id='word_1_101' title='bbox 542 1717 582 1790; x_wconf 79' lang='grc' dir='ltr'>οὗ</span> <span class='ocrx_word' id='word_1_102' title='bbox 603 1722 644 1789; x_wconf 86' lang='grc' dir='ltr'>τὸ</span> <span class='ocrx_word' id='word_1_103' title='bbox 671 1725 896 1811; x_wconf 66' lang='grc' dir='ltr'><strong><em>δικασῂήριω)</em></strong></span> <span class='ocrx_word' id='word_1_104' title='bbox 919 1727 1021 1796; x_wconf 73' lang='grc' dir='ltr'><strong><em>αἰτεῖν</em></strong></span> <span class='ocrx_word' id='word_1_105' title='bbox 1040 1730 1154 1815; x_wconf 69' lang='grc' dir='ltr'><strong><em>δοκοίη</em></strong></span> <span class='ocrx_word' id='word_1_106' title='bbox 1176 1730 1229 1793; x_wconf 78' lang='lat' dir='ltr'>vel</span> 
     </span>
     <span class='ocr_line' id='line_1_15' title="bbox 175 1830 1228 1923; baseline -0.001 -22"><span class='ocrx_word' id='word_1_107' title='bbox 175 1836 328 1923; x_wconf 81' lang='grc' dir='ltr'><strong><em>αἰτητέον</em></strong></span> <span class='ocrx_word' id='word_1_108' title='bbox 362 1834 482 1919; x_wconf 77' lang='grc' dir='ltr'>δοκοίη.</span> <span class='ocrx_word' id='word_1_109' title='bbox 528 1830 710 1895; x_wconf 87' lang='lat' dir='ltr'>Boeckhius</span> <span class='ocrx_word' id='word_1_110' title='bbox 745 1834 800 1896; x_wconf 87' lang='lat' dir='ltr'>dat</span> <span class='ocrx_word' id='word_1_111' title='bbox 833 1834 874 1899; x_wconf 80' lang='grc' dir='ltr'>τὸ</span> <span class='ocrx_word' id='word_1_112' title='bbox 906 1835 1005 1913; x_wconf 68' lang='grc' dir='ltr'><strong><em>δίκας.</em></strong></span> <span class='ocrx_word' id='word_1_113' title='bbox 1036 1838 1084 1901; x_wconf 87' lang='lat' dir='ltr'>Le</span> <span class='ocrx_word' id='word_1_114' title='bbox 1116 1837 1228 1901; x_wconf 87' lang='lat' dir='ltr'>Basius</span> 
     </span>
     <span class='ocr_line' id='line_1_16' title="bbox 169 1940 1227 2026; baseline -0.003 -17"><span class='ocrx_word' id='word_1_115' title='bbox 169 1946 270 2010; x_wconf 91' lang='lat' dir='ltr'>etiam</span> <span class='ocrx_word' id='word_1_116' title='bbox 315 1942 419 2023; x_wconf 85' lang='lat' dir='ltr'>magis</span> <span class='ocrx_word' id='word_1_117' title='bbox 457 1949 608 2023; x_wconf 80' lang='lat' dir='ltr'>corrupte</span> <span class='ocrx_word' id='word_1_118' title='bbox 651 1940 885 2017; x_wconf 78' lang='grc' dir='ltr'><em>ΤΑΣΔΙΚΑΣ,</em></span> <span class='ocrx_word' id='word_1_119' title='bbox 924 1945 1047 2026; x_wconf 85' lang='lat' dir='ltr'>pendet</span> <span class='ocrx_word' id='word_1_120' title='bbox 1085 1945 1227 2010; x_wconf 83' lang='lat' dir='ltr'>enimc</span> 
     </span>
     <span class='ocr_line' id='line_1_17' title="bbox 169 2044 1226 2133; baseline -0.001 -17"><span class='ocrx_word' id='word_1_121' title='bbox 169 2050 346 2116; x_wconf 89' lang='lat' dir='ltr'>Boeckhio.</span> <span class='ocrx_word' id='word_1_122' title='bbox 394 2047 491 2129; x_wconf 83' lang='lat' dir='ltr'>Lapis</span> <span class='ocrx_word' id='word_1_123' title='bbox 527 2044 679 2111; x_wconf 87' lang='lat' dir='ltr'>Chalcide</span> <span class='ocrx_word' id='word_1_124' title='bbox 713 2067 733 2109; x_wconf 89' lang='lat' dir='ltr'>a</span> <span class='ocrx_word' id='word_1_125' title='bbox 767 2045 906 2130; x_wconf 84' lang='lat' dir='ltr'>Cyriaco</span> <span class='ocrx_word' id='word_1_126' title='bbox 948 2051 1127 2133; x_wconf 83' lang='lat' dir='ltr'>descriptus</span> <span class='ocrx_word' id='word_1_127' title='bbox 1169 2061 1226 2127; x_wconf 87' lang='lat' dir='ltr'>est,</span> 
     </span>
     <span class='ocr_line' id='line_1_18' title="bbox 170 2156 1227 2240; baseline 0.002 -19"><span class='ocrx_word' id='word_1_128' title='bbox 170 2160 282 2239; x_wconf 89' lang='lat' dir='ltr'>itaque</span> <span class='ocrx_word' id='word_1_129' title='bbox 305 2156 442 2219; x_wconf 91' lang='lat' dir='ltr'>dubium</span> <span class='ocrx_word' id='word_1_130' title='bbox 474 2162 523 2216; x_wconf 89' lang='lat' dir='ltr'>est</span> <span class='ocrx_word' id='word_1_131' title='bbox 549 2174 628 2219; x_wconf 90' lang='lat' dir='ltr'>num</span> <span class='ocrx_word' id='word_1_132' title='bbox 661 2176 704 2219; x_wconf 85' lang='lat' dir='ltr'>ex</span> <span class='ocrx_word' id='word_1_133' title='bbox 740 2156 842 2221; x_wconf 77' lang='lat' dir='ltr'>torma</span> <span class='ocrx_word' id='word_1_134' title='bbox 878 2160 916 2223; x_wconf 90' lang='grc' dir='ltr'><em>Π</em></span> <span class='ocrx_word' id='word_1_135' title='bbox 944 2158 1107 2223; x_wconf 87' lang='lat' dir='ltr'>saeculum</span> <span class='ocrx_word' id='word_1_136' title='bbox 1141 2159 1227 2240; x_wconf 71' lang='lat' dir='ltr'>msn</span> 
     </span>
     <span class='ocr_line' id='line_1_19' title="bbox 171 2262 1146 2354; baseline 0 -25"><span class='ocrx_word' id='word_1_137' title='bbox 171 2263 366 2329; x_wconf 83' lang='lat' dir='ltr'>concludere</span> <span class='ocrx_word' id='word_1_138' title='bbox 389 2262 491 2325; x_wconf 82' lang='lat' dir='ltr'>liceat.</span> <span class='ocrx_word' id='word_1_139' title='bbox 616 2324 619 2329; x_wconf 85' lang='grc'><em>,</em></span> <span class='ocrx_word' id='word_1_140' title='bbox 726 2334 729 2337; x_wconf 40' lang='grc'><em>,</em></span> <span class='ocrx_word' id='word_1_141' title='bbox 823 2346 826 2354; x_wconf 24' lang='grc' dir='ltr'><strong><em>Δ</em></strong></span> <span class='ocrx_word' id='word_1_142' title='bbox 1066 2306 1068 2310; x_wconf 80' lang='lat'><em>.</em></span> <span class='ocrx_word' id='word_1_143' title='bbox 1143 2322 1146 2329; x_wconf 94' lang='lat'>.</span> 
     </span>
    </p>

    <p class='ocr_par' dir='ltr' id='par_1_5' title="bbox 171 2385 1231 2897">
     <span class='ocr_line' id='line_1_20' title="bbox 279 2385 1231 2469; baseline 0.006 -18"><span class='ocrx_word' id='word_1_144' title='bbox 279 2386 454 2451; x_wconf 84' lang='lat' dir='ltr'>LXXVIII.</span> <span class='ocrx_word' id='word_1_145' title='bbox 493 2385 630 2448; x_wconf 81' lang='lat' dir='ltr'>hlewton</span> <span class='ocrx_word' id='word_1_146' title='bbox 675 2388 717 2450; x_wconf 94' lang='lat' dir='ltr'>III</span> <span class='ocrx_word' id='word_1_147' title='bbox 754 2408 786 2456; x_wconf 86' lang='lat' dir='ltr'>n.</span> <span class='ocrx_word' id='word_1_148' title='bbox 825 2406 899 2469; x_wconf 87' lang='lat'>419.</span> <span class='ocrx_word' id='word_1_149' title='bbox 962 2389 1173 2454; x_wconf 73' lang='lat' dir='ltr'>Alexandrini</span> <span class='ocrx_word' id='word_1_150' title='bbox 1203 2414 1231 2457; x_wconf 78' lang='lat' dir='ltr'>a</span> 
     </span>
     <span class='ocr_line' id='line_1_21' title="bbox 171 2492 1229 2577; baseline 0.004 -18"><span class='ocrx_word' id='word_1_151' title='bbox 171 2494 395 2559; x_wconf 84' lang='lat' dir='ltr'>Prienensibus</span> <span class='ocrx_word' id='word_1_152' title='bbox 424 2492 605 2574; x_wconf 80' lang='lat' dir='ltr'>petiverant</span> <span class='ocrx_word' id='word_1_153' title='bbox 635 2493 767 2573; x_wconf 87' lang='lat' dir='ltr'>iudices,</span> <span class='ocrx_word' id='word_1_154' title='bbox 803 2496 860 2577; x_wconf 90' lang='lat' dir='ltr'>qui</span> <span class='ocrx_word' id='word_1_155' title='bbox 892 2496 930 2559; x_wconf 90' lang='lat' dir='ltr'>iis</span> <span class='ocrx_word' id='word_1_156' title='bbox 966 2497 1122 2561; x_wconf 89' lang='lat' dir='ltr'>miserunt</span> <span class='ocrx_word' id='word_1_157' title='bbox 1154 2509 1229 2563; x_wconf 86' lang='lat' dir='ltr'>tres.</span> 
     </span>
     <span class='ocr_line' id='line_1_22' title="bbox 172 2596 1229 2685; baseline 0.002 -18"><span class='ocrx_word' id='word_1_158' title='bbox 172 2604 215 2667; x_wconf 91' lang='lat' dir='ltr'>Hi</span> <span class='ocrx_word' id='word_1_159' title='bbox 239 2601 329 2685; x_wconf 93' lang='lat' dir='ltr'>quod</span> <span class='ocrx_word' id='word_1_160' title='bbox 355 2596 398 2665; x_wconf 81' lang='grc' dir='ltr'>τὰ</span> <span class='ocrx_word' id='word_1_161' title='bbox 432 2596 608 2683; x_wconf 80' lang='grc' dir='ltr'><em>παράνομα</em></span> <span class='ocrx_word' id='word_1_162' title='bbox 637 2608 670 2662; x_wconf 89' lang='lat' dir='ltr'>et</span> <span class='ocrx_word' id='word_1_163' title='bbox 697 2602 785 2679; x_wconf 69' lang='lat' dir='ltr'>illurn</span> <span class='ocrx_word' id='word_1_164' title='bbox 824 2603 1018 2667; x_wconf 81' lang='lat' dir='ltr'>sustulerant</span> <span class='ocrx_word' id='word_1_165' title='bbox 1051 2604 1229 2684; x_wconf 82' lang='lat' dir='ltr'>laudantur,</span> 
     </span>
     <span class='ocr_line' id='line_1_23' title="bbox 176 2706 1231 2792; baseline 0.004 -19"><span class='ocrx_word' id='word_1_166' title='bbox 176 2706 680 2773; x_wconf 86' lang='lat' dir='ltr'>civitascoronaturetdecretum</span> <span class='ocrx_word' id='word_1_167' title='bbox 690 2708 823 2787; x_wconf 88' lang='lat' dir='ltr'>ponitur</span> <span class='ocrx_word' id='word_1_168' title='bbox 834 2708 1070 2792; x_wconf 59' lang='lat' dir='ltr'>edamd&#39;rimm</span> <span class='ocrx_word' id='word_1_169' title='bbox 1082 2714 1231 2779; x_wconf 86' lang='lat' dir='ltr'>inMiner·</span> 
     </span>
     <span class='ocr_line' id='line_1_24' title="bbox 172 2813 1231 2897; baseline 0.006 -16"><span class='ocrx_word' id='word_1_170' title='bbox 172 2839 234 2881; x_wconf 87' lang='lat' dir='ltr'>vae</span> <span class='ocrx_word' id='word_1_171' title='bbox 264 2814 398 2897; x_wconf 87' lang='lat' dir='ltr'>templo.</span> <span class='ocrx_word' id='word_1_172' title='bbox 446 2813 599 2876; x_wconf 83' lang='lat' dir='ltr'>Hicksius</span> <span class='ocrx_word' id='word_1_173' title='bbox 628 2814 758 2877; x_wconf 92' lang='lat' dir='ltr'>titulum</span> <span class='ocrx_word' id='word_1_174' title='bbox 783 2836 848 2880; x_wconf 90' lang='lat' dir='ltr'>non</span> <span class='ocrx_word' id='word_1_175' title='bbox 872 2818 974 2881; x_wconf 81' lang='lat' dir='ltr'>multo</span> <span class='ocrx_word' id='word_1_176' title='bbox 997 2830 1073 2885; x_wconf 85' lang='lat' dir='ltr'>ante</span> <span class='ocrx_word' id='word_1_177' title='bbox 1095 2822 1231 2888; x_wconf 86' lang='lat' dir='ltr'>alterum</span> 
     </span>
    </p>
   </div>
   <div class='ocr_carea' id='block_1_5' title="bbox 176 2920 1232 3108">
    <p class='ocr_par' dir='ltr' id='par_1_6' title="bbox 176 2920 1232 3108">
     <span class='ocr_line' id='line_1_25' title="bbox 177 2920 1232 3006; baseline 0.006 -17"><span class='ocrx_word' id='word_1_178' title='bbox 177 2923 342 2989; x_wconf 86' lang='lat' dir='ltr'>saeculum</span> <span class='ocrx_word' id='word_1_179' title='bbox 359 2920 579 3003; x_wconf 87' lang='lat' dir='ltr'>compositum</span> <span class='ocrx_word' id='word_1_180' title='bbox 594 2939 665 2983; x_wconf 89' lang='lat' dir='ltr'>esse</span> <span class='ocrx_word' id='word_1_181' title='bbox 688 2941 787 3003; x_wconf 85' lang='lat' dir='ltr'>posse</span> <span class='ocrx_word' id='word_1_182' title='bbox 809 2935 912 3006; x_wconf 89' lang='lat' dir='ltr'>putat.</span> <span class='ocrx_word' id='word_1_183' title='bbox 948 2927 1075 2991; x_wconf 87' lang='lat' dir='ltr'>Titulus</span> <span class='ocrx_word' id='word_1_184' title='bbox 1097 2930 1232 2995; x_wconf 83' lang='lat' dir='ltr'>effossus</span> 
     </span>
     <span class='ocr_line' id='line_1_26' title="bbox 176 3025 1026 3108; baseline 0.006 -13"><span class='ocrx_word' id='word_1_185' title='bbox 176 3041 226 3095; x_wconf 87' lang='lat' dir='ltr'>est</span> <span class='ocrx_word' id='word_1_186' title='bbox 248 3032 381 3094; x_wconf 88' lang='lat' dir='ltr'>Prienes</span> <span class='ocrx_word' id='word_1_187' title='bbox 404 3025 481 3090; x_wconf 89' lang='lat' dir='ltr'>item</span> <span class='ocrx_word' id='word_1_188' title='bbox 504 3034 603 3108; x_wconf 84' lang='lat' dir='ltr'>atque</span> <span class='ocrx_word' id='word_1_189' title='bbox 625 3046 655 3089; x_wconf 93' lang='lat' dir='ltr'>n.</span> <span class='ocrx_word' id='word_1_190' title='bbox 682 3028 818 3093; x_wconf 87' lang='lat' dir='ltr'><strong>LXXIX</strong></span> <span class='ocrx_word' id='word_1_191' title='bbox 841 3041 875 3094; x_wconf 88' lang='lat' dir='ltr'>et</span> <span class='ocrx_word' id='word_1_192' title='bbox 895 3032 1026 3101; x_wconf 87' lang='lat' dir='ltr'><strong>LXXX.</strong></span> 
     </span>
    </p>
   </div>
   <div class='ocr_carea' id='block_1_6' title="bbox 172 3148 1232 3549">
    <p class='ocr_par' dir='ltr' id='par_1_7' title="bbox 172 3148 1232 3549">
     <span class='ocr_line' id='line_1_27' title="bbox 278 3148 1231 3244; baseline 0.007 -25"><span class='ocrx_word' id='word_1_193' title='bbox 278 3150 425 3218; x_wconf 89' lang='lat' dir='ltr'><strong>LXXIX.</strong></span> <span class='ocrx_word' id='word_1_194' title='bbox 448 3148 585 3213; x_wconf 87' lang='lat' dir='ltr'>Newton</span> <span class='ocrx_word' id='word_1_195' title='bbox 600 3150 644 3213; x_wconf 84' lang='grc' dir='ltr'>ΙΙΙ</span> <span class='ocrx_word' id='word_1_196' title='bbox 660 3157 779 3236; x_wconf 70' lang='lat'><strong>421.2⁹)</strong></span> <span class='ocrx_word' id='word_1_197' title='bbox 818 3154 1035 3223; x_wconf 84' lang='lat' dir='ltr'>Laodicenses</span> <span class='ocrx_word' id='word_1_198' title='bbox 1051 3160 1094 3223; x_wconf 92' lang='lat' dir='ltr'>ad</span> <span class='ocrx_word' id='word_1_199' title='bbox 1104 3158 1231 3244; x_wconf 86' lang='lat' dir='ltr'>Lycum</span> 
     </span>
     <span class='ocr_line' id='line_1_28' title="bbox 172 3258 1229 3351; baseline 0.005 -22"><span class='ocrx_word' id='word_1_200' title='bbox 172 3288 191 3329; x_wconf 90' lang='lat' dir='ltr'>a</span> <span class='ocrx_word' id='word_1_201' title='bbox 213 3259 438 3329; x_wconf 90' lang='lat' dir='ltr'>Prienensibus</span> <span class='ocrx_word' id='word_1_202' title='bbox 462 3266 527 3321; x_wconf 86' lang='lat' dir='ltr'>tres</span> <span class='ocrx_word' id='word_1_203' title='bbox 550 3258 672 3321; x_wconf 88' lang='lat' dir='ltr'>iudices</span> <span class='ocrx_word' id='word_1_204' title='bbox 696 3279 861 3343; x_wconf 88' lang='lat' dir='ltr'>unumque</span> <span class='ocrx_word' id='word_1_205' title='bbox 875 3264 1015 3327; x_wconf 89' lang='lat' dir='ltr'>scribam</span> <span class='ocrx_word' id='word_1_206' title='bbox 1031 3280 1229 3351; x_wconf 88' lang='lat' dir='ltr'>acceperant</span> 
     </span>
     <span class='ocr_line' id='line_1_29' title="bbox 172 3364 1231 3457; baseline 0.004 -20"><span class='ocrx_word' id='word_1_207' title='bbox 172 3372 298 3438; x_wconf 86' lang='lat' dir='ltr'>ludices</span> <span class='ocrx_word' id='word_1_208' title='bbox 320 3364 500 3438; x_wconf 85' lang='lat' dir='ltr'>laudantur,</span> <span class='ocrx_word' id='word_1_209' title='bbox 531 3374 728 3428; x_wconf 88' lang='lat' dir='ltr'>coronantur</span> <span class='ocrx_word' id='word_1_210' title='bbox 750 3387 874 3434; x_wconf 88' lang='lat' dir='ltr'>corona</span> <span class='ocrx_word' id='word_1_211' title='bbox 903 3393 1010 3447; x_wconf 87' lang='lat' dir='ltr'>aurea,</span> <span class='ocrx_word' id='word_1_212' title='bbox 1035 3377 1231 3457; x_wconf 90' lang='lat' dir='ltr'>permittitur</span> 
     </span>
     <span class='ocr_line' id='line_1_30' title="bbox 173 3470 1232 3549; baseline 0.003 -4"><span class='ocrx_word' id='word_1_213' title='bbox 173 3481 279 3545; x_wconf 84' lang='lat' dir='ltr'>aditus</span> <span class='ocrx_word' id='word_1_214' title='bbox 302 3476 343 3541; x_wconf 85' lang='lat' dir='ltr'>ad</span> <span class='ocrx_word' id='word_1_215' title='bbox 366 3481 529 3547; x_wconf 87' lang='lat' dir='ltr'>senatum,</span> <span class='ocrx_word' id='word_1_216' title='bbox 553 3470 658 3535; x_wconf 87' lang='lat' dir='ltr'>scriba</span> <span class='ocrx_word' id='word_1_217' title='bbox 689 3470 840 3539; x_wconf 87' lang='lat' dir='ltr'>laudatur</span> <span class='ocrx_word' id='word_1_218' title='bbox 875 3487 907 3542; x_wconf 92' lang='lat' dir='ltr'>et</span> <span class='ocrx_word' id='word_1_219' title='bbox 939 3480 1078 3545; x_wconf 89' lang='lat' dir='ltr'>vincitur</span> <span class='ocrx_word' id='word_1_220' title='bbox 1110 3503 1232 3549; x_wconf 83' lang='lat' dir='ltr'>corona</span> 
     </span>
    </p>
   </div>
   <div class='ocr_carea' id='block_1_7' title="bbox 171 3720 1231 4159">
    <p class='ocr_par' dir='ltr' id='par_1_8' title="bbox 171 3720 1231 4159">
     <span class='ocr_line' id='line_1_31' title="bbox 280 3720 1231 3798; baseline 0.009 -23"><span class='ocrx_word' id='word_1_221' title='bbox 280 3726 312 3798; x_wconf 71' lang='lat'>²⁷)</span> <span class='ocrx_word' id='word_1_222' title='bbox 331 3720 535 3777; x_wconf 85' lang='lat' dir='ltr'>wilamowitzius</span> <span class='ocrx_word' id='word_1_223' title='bbox 552 3735 598 3785; x_wconf 86' lang='lat' dir='ltr'>pro</span> <span class='ocrx_word' id='word_1_224' title='bbox 617 3720 650 3770; x_wconf 74' lang='grc' dir='ltr'>ἐκ</span> <span class='ocrx_word' id='word_1_225' title='bbox 668 3720 805 3788; x_wconf 79' lang='grc' dir='ltr'><strong>Πασίωνος</strong></span> <span class='ocrx_word' id='word_1_226' title='bbox 823 3728 903 3792; x_wconf 75' lang='grc' dir='ltr'>Σίμου</span> <span class='ocrx_word' id='word_1_227' title='bbox 928 3730 1024 3795; x_wconf 77' lang='lat' dir='ltr'>scripsit</span> <span class='ocrx_word' id='word_1_228' title='bbox 1048 3732 1081 3781; x_wconf 76' lang='grc' dir='ltr'>ἐκ</span> <span class='ocrx_word' id='word_1_229' title='bbox 1106 3732 1231 3797; x_wconf 78' lang='grc' dir='ltr'><strong>πλιίονος</strong></span> 
     </span>
     <span class='ocr_line' id='line_1_32' title="bbox 171 3809 1231 3889; baseline 0 -17"><span class='ocrx_word' id='word_1_230' title='bbox 171 3822 277 3888; x_wconf 80' lang='grc' dir='ltr'><strong>χρόνου,</strong></span> <span class='ocrx_word' id='word_1_231' title='bbox 305 3840 328 3873; x_wconf 87' lang='lat' dir='ltr'>v.</span> <span class='ocrx_word' id='word_1_232' title='bbox 352 3838 369 3886; x_wconf 87' lang='lat'>4</span> <span class='ocrx_word' id='word_1_233' title='bbox 401 3809 521 3873; x_wconf 64' lang='grc' dir='ltr'>πρὸσὲξιν</span> <span class='ocrx_word' id='word_1_234' title='bbox 552 3824 597 3874; x_wconf 79' lang='lat' dir='ltr'>Pro</span> <span class='ocrx_word' id='word_1_235' title='bbox 628 3812 773 3878; x_wconf 80' lang='grc' dir='ltr'><strong>πρόσευξιν,</strong></span> <span class='ocrx_word' id='word_1_236' title='bbox 803 3834 826 3866; x_wconf 81' lang='lat' dir='ltr'>v.</span> <span class='ocrx_word' id='word_1_237' title='bbox 855 3827 868 3882; x_wconf 87' lang='lat'><strong>5</strong></span> <span class='ocrx_word' id='word_1_238' title='bbox 894 3818 943 3879; x_wconf 79' lang='grc' dir='ltr'>τὰς</span> <span class='ocrx_word' id='word_1_239' title='bbox 967 3820 1043 3881; x_wconf 75' lang='grc' dir='ltr'><strong>δίκας</strong></span> <span class='ocrx_word' id='word_1_240' title='bbox 1069 3820 1160 3885; x_wconf 78' lang='grc' dir='ltr'><strong>καλῶς</strong></span> <span class='ocrx_word' id='word_1_241' title='bbox 1184 3839 1231 3889; x_wconf 91' lang='lat' dir='ltr'>pro</span> 
     </span>
     <span class='ocr_line' id='line_1_33' title="bbox 174 3899 1231 3978; baseline 0.011 -30"><span class='ocrx_word' id='word_1_242' title='bbox 174 3912 266 3977; x_wconf 52' lang='grc' dir='ltr'><strong>αὐτῶν,</strong></span> <span class='ocrx_word' id='word_1_243' title='bbox 285 3929 307 3964; x_wconf 58' lang='grc' dir='ltr'>ν,</span> <span class='ocrx_word' id='word_1_244' title='bbox 328 3923 342 3976; x_wconf 83' lang='lat'>7</span> <span class='ocrx_word' id='word_1_245' title='bbox 362 3910 547 3978; x_wconf 68' lang='lat' dir='ltr'>epopmuven</span> <span class='ocrx_word' id='word_1_246' title='bbox 570 3910 622 3947; x_wconf 86' lang='lat' dir='ltr'>uno</span> <span class='ocrx_word' id='word_1_247' title='bbox 648 3899 664 3949; x_wconf 84' lang='grc' dir='ltr'>λ</span> <span class='ocrx_word' id='word_1_248' title='bbox 688 3904 781 3971; x_wconf 86' lang='lat' dir='ltr'>eiecto;</span> <span class='ocrx_word' id='word_1_249' title='bbox 809 3924 833 3958; x_wconf 85' lang='lat' dir='ltr'>v.</span> <span class='ocrx_word' id='word_1_250' title='bbox 853 3908 869 3956; x_wconf 87' lang='lat'><strong>6</strong></span> <span class='ocrx_word' id='word_1_251' title='bbox 888 3904 1018 3976; x_wconf 72' lang='lat' dir='ltr'>tnu[tre]t</span> <span class='ocrx_word' id='word_1_252' title='bbox 1032 3909 1123 3959; x_wconf 82' lang='lat' dir='ltr'>falsum</span> <span class='ocrx_word' id='word_1_253' title='bbox 1142 3918 1179 3959; x_wconf 85' lang='lat' dir='ltr'>est</span> <span class='ocrx_word' id='word_1_254' title='bbox 1197 3912 1231 3965; x_wconf 83' lang='lat' dir='ltr'>cf.</span> 
     </span>
     <span class='ocr_line' id='line_1_34' title="bbox 174 3995 1225 4065; baseline -0.006 -14"><span class='ocrx_word' id='word_1_255' title='bbox 174 4003 279 4052; x_wconf 74' lang='lat' dir='ltr'>roristos</span> <span class='ocrx_word' id='word_1_256' title='bbox 295 4019 319 4052; x_wconf 81' lang='lat' dir='ltr'>v.</span> <span class='ocrx_word' id='word_1_257' title='bbox 340 4013 354 4065; x_wconf 87' lang='lat'><strong>7</strong></span> <span class='ocrx_word' id='word_1_258' title='bbox 374 4011 398 4052; x_wconf 84' lang='lat' dir='ltr'>et</span> <span class='ocrx_word' id='word_1_259' title='bbox 416 4015 441 4064; x_wconf 85' lang='lat'>9.</span> <span class='ocrx_word' id='word_1_260' title='bbox 478 4000 509 4051; x_wconf 92' lang='lat' dir='ltr'>V.</span> <span class='ocrx_word' id='word_1_261' title='bbox 530 4010 562 4063; x_wconf 85' lang='lat'>27</span> <span class='ocrx_word' id='word_1_262' title='bbox 580 4002 696 4052; x_wconf 82' lang='grc' dir='ltr'><strong>ῐνα....</strong></span> <span class='ocrx_word' id='word_1_263' title='bbox 715 3997 730 4045; x_wconf 83' lang='grc' dir='ltr'><strong>ὁ</strong></span> <span class='ocrx_word' id='word_1_264' title='bbox 749 3998 900 4064; x_wconf 73' lang='grc' dir='ltr'><strong>δῆμος....</strong></span> <span class='ocrx_word' id='word_1_265' title='bbox 926 3995 1017 4065; x_wconf 73' lang='grc' dir='ltr'><strong>εἰδήσῃ</strong></span> <span class='ocrx_word' id='word_1_266' title='bbox 1036 3997 1157 4052; x_wconf 80' lang='lat' dir='ltr'>mendum</span> <span class='ocrx_word' id='word_1_267' title='bbox 1179 4016 1225 4065; x_wconf 81' lang='lat' dir='ltr'>pro</span> 
     </span>
     <span class='ocr_line' id='line_1_35' title="bbox 177 4088 647 4159; baseline -0.013 -15"><span class='ocrx_word' id='word_1_268' title='bbox 177 4094 232 4159; x_wconf 69' lang='grc' dir='ltr'>εἰδῇ</span> <span class='ocrx_word' id='word_1_269' title='bbox 252 4102 295 4144; x_wconf 78' lang='lat' dir='ltr'>aut</span> <span class='ocrx_word' id='word_1_270' title='bbox 313 4091 438 4158; x_wconf 87' lang='lat' dir='ltr'>scriptoris</span> <span class='ocrx_word' id='word_1_271' title='bbox 457 4098 500 4141; x_wconf 86' lang='lat' dir='ltr'>aut</span> <span class='ocrx_word' id='word_1_272' title='bbox 516 4088 647 4157; x_wconf 81' lang='lat' dir='ltr'>lapicidae.</span> 
     </span>
    </p>
   </div>
   <div class='ocr_carea' id='block_1_8' title="bbox 0 0 1463 4559">
    <p class='ocr_par' dir='ltr' id='par_1_9' title="bbox 0 0 1463 4559">
     <span class='ocr_line' id='line_1_36' title="bbox 0 0 1463 4559; baseline 0 0"><span class='ocrx_word' id='word_1_273' title='bbox 0 0 1463 4559; x_wconf 95' lang='lat' dir='ltr'> </span> 
     </span>
    </p>
   </div>
  </div>
 </body>
</html>
