2900 4559
593 243 860 317 -53-¹

276 444 411 513 LXVII.
435 446 528 512 Paus.
544 446 599 511 III
616 460 667 527 2‚7
692 445 842 522 Στάσεις,
867 466 952 529 quae
974 454 1078 509 totam
1095 445 1232 509 insulam

167 552 300 617 Cretam
333 564 583 638 occupaverant,
607 574 626 617 a
650 553 824 619 Charmide
853 553 1113 617 Lacedaemonio
1144 574 1232 638 prae-

168 660 348 725 clarissimo
379 671 515 741 pacatae
547 669 621 725 sunt
649 660 831 726 Alcamene
861 669 1018 743 regnante
1050 680 1136 725 anno
1169 664 1231 740 318

166 776 244 851 post
288 767 535 832 Heraclidarum
579 769 720 833 reditum
766 769 786 831 i.
824 789 852 832 e.
868 807 871 812 <
887 767 1065 831 secuudum
1112 767 1231 834 Clinto·

165 894 245 937 nem
267 894 353 937 anno
378 889 451 955 730.

275 1000 420 1065 LXVIII.
446 1001 523 1064 Hdt.
547 1000 594 1064 IV
621 1000 677 1064 161
704 1028 748 1057 =
771 1000 868 1065 Diod.
893 998 969 1063 VIII
997 1015 1071 1080 3o‚2
1095 998 1231 1083 Cyrenis

165 1128 255 1171 anno
304 1121 362 1188 545
405 1107 532 1185 στάσεις
568 1117 660 1171 ortae
699 1117 790 1171 erant
827 1106 870 1170 ad
912 1126 993 1189 quas
1029 1108 1231 1172 amovendas

168 1212 330 1295 Cyrenaei
380 1214 528 1295 Delphos
585 1214 745 1288 adierunt,
794 1215 849 1295 qui
897 1234 917 1275 a
955 1214 1233 1279 Mantineensibus

165 1321 308 1384 iudicem
336 1320 608 1407 (καταρτιστῆρα)
636 1322 815 1405 petendum
838 1340 909 1384 esse
939 1324 1149 1385 censuemnt.
1185 1321 1229 1385 Hi

139 1428 403 1492 ·Demonactem
442 1449 482 1492 eo
520 1426 643 1491 honore
681 1427 816 1510 dignum
851 1427 1021 1502 duxerunt,
1057 1429 1163 1491 virum
1197 1438 1230 1493 et

169 1535 344 1615 prudentia
366 1543 401 1599 et
423 1536 543 1599 iustitia
559 1536 880 1615 praestantissimum.
928 1534 993 1615 Qui
1008 1537 1230 1618 possessiones

169 1641 329 1723 quasdam
358 1642 480 1706 ademit
509 1643 607 1706 Batto
630 1642 673 1704 111
703 1642 772 1724 regi
795 1651 829 1704 et
858 1641 1022 1705 civitatem
1051 1643 1229 1729 ordinavit3

167 1748 226 1811 sed
250 1748 473 1835 (Hdt.§.162)
495 1749 578 1813 filius
600 1749 686 1812 Batti
709 1748 798 1812 dicto
820 1768 886 1812 non
909 1749 1076 1813 oboedivit
1090 1758 1189 1832 atque
1210 1770 1231 1813 a

164 1854 340 1938 Cyrenaeis
363 1855 490 1940 fugatus
514 1865 571 1919 est.
628 1907 630 1913 .
723 1890 725 1895 ·

270 1980 383 2049 LXIX.
408 1982 521 2065 Polyb.
537 1980 567 2045 ll
591 1996 661 2061 39,1
689 2002 759 2064 sqq.
783 1982 819 2043 ln
843 1980 964 2063 Magna
992 1978 1128 2045 Graecia
1151 2002 1226 2047 cum

168 2097 246 2167 post
269 2096 412 2171 stragem
435 2090 610 2153 multorum
642 2088 770 2152 illorum
800 2087 1083 2170 Pythagoreorum
1110 2109 1230 2170 magna

163 2194 324 2258 discordia
355 2197 537 2279 caedesque
568 2203 684 2270 essent,
716 2214 915 2278 quamquam
939 2194 1088 2278 permulti
1112 2194 1227 2259 Graeci

166 2302 252 2364 viros
276 2302 430 2367 miserant
446 2301 501 2369 ἐπὶ
515 2299 575 2377 τὰς
592 2301 762 2378 διαλύσεις,
788 2301 931 2367 Achaeis
948 2300 1025 2365 solis
1047 2302 1093 2365 ob
1116 2322 1230 2366 eorum

165 2408 319 2472 iustitiam
343 2408 457 2473 Graeci
481 2409 608 2474 arbitris
633 2410 681 2472 usi
712 2417 789 2472 sunt
820 2407 858 2471 cf.
887 2409 985 2473 etiam
1020 2408 1127 2477 Strab.
1152 2410 1228 2474 VIII

165 2536 197 2603 u,
224 2518 297 2597 ³84,
324 2530 351 2596 7·

272 2640 370 2705 LXX.
394 2642 473 2708 Hdt.
497 2642 529 2704 V
554 2644 594 2705 28
618 2661 666 2722 sq.
698 2640 813 2704 Milesii
842 2660 928 2703 anno
962 2652 1019 2719 501
1054 2661 1096 2704 ex
1124 2640 1229 2705 insula

172 2747 254 2812 Paro
277 2749 420 2831 optimos
442 2750 529 2812 viros
552 2757 720 2813 accersunt
742 2744 964 2832 καταριιστάς
985 2741 1227 2812 discordiarum.

274 2855 389 2923 LXXI.
424 2856 526 2919 Thuc.
561 2856 575 2919 I
611 2872 662 2934 24.
730 2855 916 2939 Epidamno
965 2855 1092 2918 nobiles
1141 2876 1227 2921 anno

166 2968 291 3047 433J32
316 2962 401 3045 pulsi
425 2973 525 3037 erant,
550 2964 608 3027 sed
630 2962 733 3027 adiuti
755 2964 798 3026 ab
829 2962 941 3045 Illyriis
970 2961 1102 3043 plebem
1130 2962 1226 3026 valde

166 3078 361 3152 presserunt.
408 3070 482 3151 Qua
505 3090 539 3132 re
562 3068 655 3152 plebs
677 3069 879 3151 Corcyraeos
902 3069 1016 3143 oravit,
1041 3078 1077 3133 ut
1099 3070 1226 3135 nobiles

167 3176 349 3260 placarent;
372 3177 430 3239 sed
453 3176 542 3259 quod
565 3186 774 3261 speraverant
795 3177 934 3241 assecuti
957 3195 1022 3239 non
1044 3186 1125 3241 sunt

271 3282 405 3350 LXXII.
430 3282 508 3347 Plut.
523 3283 632 3367 Pelop.
647 3284 757 3348 XXVI
773 3304 805 3367 p.
820 3301 880 3365 291
900 3303 986 3348 anuo
1010 3283 1133 3365 369s68
1156 3285 1229 3348 Pto·

170 3390 313 3455 lemaeus
348 3390 513 3473 Amyntae
549 3392 631 3471 regis
665 3412 685 3453 a
712 3390 838 3474 paelice
871 3388 955 3454 filius
987 3390 1110 3453 bellum
1144 3392 1229 3474 gerit

163 3660 236 3712 Idem
255 3660 384 3712 oraculum
401 3660 479 3713 Diod.
497 3660 548 3709 XII
568 3669 610 3725 35,
636 3676 693 3711 cum
717 3660 825 3710 Thurini
850 3658 1019 3724 discreparent
1040 3659 1106 3709 inter
1133 3675 1160 3710 se
1186 3661 1228 3711 cui

166 3750 263 3816 populo
282 3749 412 3800 deberetur
430 3748 531 3800 conditu
549 3749 615 3811 urbs,
634 3764 702 3799 anuo
720 3762 770 3811 441
792 3749 889 3799 editum
913 3763 939 3798 se
965 3748 1048 3814 ipsum
1070 3747 1226 3799 conditorem

162 3838 302 3905 professum
328 3846 373 3890 est.
411 3838 517 3888 Suberat
539 3852 624 3888 revera
648 3837 679 3887 lis
706 3838 738 3888 de
762 3836 927 3905 possessionis
953 3843 978 3886 et
1004 3834 1226 3888 administrationis

163 3929 225 3990 iure,
245 3934 273 3978 nt
291 3926 370 3977 Meier
388 3943 415 3993 p.
436 3926 469 3990 38
488 3926 555 3990 dicit,
574 3927 618 3991 qui
636 3942 666 3977 eu
684 3927 710 3977 in
728 3942 755 3977 re
773 3927 870 3989 erravit,
889 3926 959 3991 qnod
981 3924 1052 3975 litem
1074 3926 1145 3977 illurn
1161 3927 1227 3976 inter

162 4016 331 4066 Athenienses
349 4023 374 4065 et
392 4015 589 4081 Peloponnesios
607 4014 682 4066 fuisse
704 4023 777 4082 putet
801 4033 828 4083 p.
855 4025 897 4080 51,
922 4031 981 4066 cum
1005 4014 1133 4066 Diodorus
1156 4014 1226 4066 testis

165 4106 197 4155 sit
219 4120 275 4157 eam
293 4106 357 4156 inter
373 4104 443 4171 ipsos
464 4104 589 4156 Thurinos
607 4106 738 4163 exstitisse,
765 4148 769 4155 .
805 4146 809 4155 .
