2900 4559
686 252 908 321 ...32-

263 455 384 517 Aratus
419 474 482 516 non
518 452 611 517 luerit
647 450 840 536 στρατηγός.
893 451 960 519 Sed
1000 449 1114 513 dubito
1150 469 1192 512 an
1226 450 1330 511 etiam

264 562 372 641 plures
397 580 499 623 annos
522 559 641 623 addere
665 560 845 623 debeamus
873 558 923 621 his
956 558 1091 621 duobus.
1141 560 1226 623 Nam
1250 559 1335 625 Plut.

175 680 180 691 ’
266 669 319 731 Ar.
348 685 389 746 24
413 668 549 749 legimus
573 666 691 729 nemini
716 665 843 729 licuisse
863 686 922 747 per
938 665 1021 727 duos
1039 685 1142 727 annos
1156 666 1336 729 continuos
1435 687 1436 746 j

264 775 353 856 fungi
379 774 578 858 στρατηγίας
609 774 818 854 magistratu;
854 772 943 852 quod
976 772 1005 833 si
1038 781 1126 835 recte
1161 792 1196 836 se
1231 772 1338 836 habet
1435 807 1436 810 =

263 881 405 963 exempli
435 880 538 962 gratia
561 879 684 943 Aratus
707 879 944 942 administravit
965 896 1126 941 summam
1150 880 1215 941 vim
1238 880 1336 941 annis

265 992 404 1067 245l443
428 988 548 1069 43l423
572 985 1040 1067 41J40dequibus⁴constae
1074 987 1186 1065 39138,
1218 987 1334 1066 37136,
1436 979 1438 990 ’

266 1099 376 1174 35134,
409 1102 479 1157 tum
509 1113 567 1175 per
602 1094 686 1155 duos
720 1112 822 1155 annos
854 1102 985 1154 creatus
1017 1084 1089 1154 non'
1118 1102 1177 1166 est,
1213 1093 1336 1154 deinde

265 1202 380 1262 iterum
419 1205 536 1281 232s31
578 1208 611 1262 et
645 1199 748 1261 altero
782 1218 915 1279 quoque
945 1218 1031 1260 anno
1058 1218 1161 1280 usque
1189 1199 1231 1261 ad
1256 1200 1334 1264 226.
1436 1239 1437 1294 3

264 1307 455 1386 Congruunt
478 1327 552 1368 cum
577 1307 637 1369 hac
668 1307 793 1367 ratione
829 1304 911 1369 Plut.
948 1304 1007 1370 Ar.
1039 1321 1079 1381 24
1111 1305 1208 1387 (anno
1241 1308 1336 1399 243)

266 1413 347 1477 Plut.
375 1414 454 1475 Arat
479 1428 522 1492 30
546 1416 644 1492 (anno
670 1411 757 1496 231),
788 1411 870 1473 Plut.
901 1410 1021 1473 Cleonr.
1056 1424 1090 1491 15
1124 1410 1224 1497 (anno
1249 1416 1335 1497 224)
1437 1411 1439 1446 ¹

264 1522 319 1602 qui
342 1520 403 1582 loci
428 1519 514 1580 idem
538 1520 658 1580 docent
692 1519 732 1581 de
765 1517 954 1599 magistratu
978 1517 1020 1580 ab
1049 1517 1155 1580 Arato
1186 1518 1334 1580 secundo

265 1645 397 1709 quoque
426 1646 513 1688 anno
544 1625 777 1687 administrato.
825 1624 872 1688 At
900 1623 979 1687 Plut.
1000 1602 1085 1687 Arat
1117 1638 1157 1703 35
1190 1624 1333 1705 legimus

264 1754 338 1797 eum
365 1733 483 1812 226225
510 1732 740 1794 duodecimum
765 1740 909 1794 creatum
934 1751 1006 1792 esse
1026 1730 1225 1813 praesidem;
1249 1750 1335 1809 ergo

263 1840 336 1902 inde
361 1860 380 1900 a
405 1839 579 1918 245—226
602 1858 667 1899 non
692 1838 816 1911 decem,
841 1846 876 1899 ut
900 1857 964 1917 ego
988 1838 1064 1910 dixi,
1090 1838 1182 1899 annis
1201 1847 1334 1899 creatus

264 1957 321 2022 est,
347 1947 460 2010 decem
484 1946 572 2017 alter,
598 1945 655 2006 sed
679 1944 729 2006 bis
752 1964 810 2025 per
826 1945 908 2006 duos
924 1963 1027 2006 annos
1043 1944 1217 2007 continuos
1240 1943 1333 2004 idem

264 2053 399 2129 Aratus;
429 2062 524 2126 recte,
549 2052 607 2113 sed
631 2071 739 2113 nonne
764 2050 935 2131 probabile
957 2060 1018 2128 est,
1041 2052 1068 2113 si
1091 2052 1193 2113 modo
1209 2050 1337 2113 Aratus
1438 2033 1439 2112 J

266 2181 299 2222 re
322 2181 398 2222 vera
422 2160 550 2221 duobus
574 2159 665 2220 annis
689 2157 849 2219 continuis
878 2158 1088 2237 magistratus
1118 2159 1239 2233 suisset,
1265 2180 1336 2223 uno

264 2288 305 2329 ex
329 2268 431 2329 tribus
455 2265 514 2327 illis
537 2264 615 2327 locis
639 2283 798 2326 annorum
823 2279 897 2343 243,
923 2272 997 2337 231,
1024 2281 1088 2341 224
1119 2266 1151 2328 ἰδ
1175 2275 1210 2330 ut
1242 2288 1331 2330 com-

265 2378 499 2435 memoraretur
533 2370 675 2434 suturum
698 2369 817 2431 fuisse?
862 2370 961 2449 lgittir
989 2382 1046 2434 aut
1075 2373 1128 2435 illa
1159 2372 1212 2437 lex
1244 2374 1331 2437 Arat
1439 2393 1440 2436 l

266 2497 308 2556 24
330 2479 490 2541 reicienda
515 2487 563 2539 est
587 2486 642 2539 aut
666 2477 854 2540 Plutarchus
879 2479 949 2556 ipse
972 2498 1084 2541 secum
1107 2491 1232 2560 pugnat
1255 2481 1328 2543 sive
1439 2459 1440 2480 ³

263 2587 367 2649 sciens
402 2586 479 2656 sive,
515 2584 606 2665 quod
641 2584 799 2665 praefero,
825 2584 943 2646 inscius
965 2586 1090 2659 erroris,
1111 2596 1145 2648 et
1177 2607 1246 2668 cap.
1286 2602 1328 2666 35

263 2692 468 2755 scribendum
483 2700 532 2753 est
544 2689 584 2755 τὸ
599 2690 736 2755 δέκατον
748 2711 807 2773 pro
823 2689 863 2755 τὸ
878 2690 1063 2756 δωδέκατον
1078 2681 1191 2777 ᾑρέθη.
1226 2692 1329 2756 Vides

263 2800 392 2862 titulum
416 2799 605 2881 ponendum
629 2818 700 2861 esse
724 2818 790 2860 uno
814 2799 916 2864 exiis
940 2800 1040 2874 annis,
1066 2802 1184 2881 quibus
1206 2801 1331 2863 Aratus

265 2916 333 2967 erat
356 2905 456 2968 homo
479 2906 634 2986 privatus,
648 2904 715 2967 sive
740 2906 759 2965 ii
783 2906 858 2968 anni
874 2904 1003 2967 fuerunt
1018 2906 1084 2968 duo
1099 2907 1167 2969 sive
1182 2907 1330 2987 quinque

266 3013 339 3073 inde
363 3032 381 3075 a
407 3014 525 3089 242l41
555 3012 722 3092 usquead
748 3024 880 3092 234f33.

373 3119 510 3181 Romani
536 3118 623 3181 haud
646 3136 776 3197 semper
798 3119 860 3197 ipsi
883 3128 1012 3181 senatus
1034 3119 1184 3182 consulto
1199 3130 1329 3181 contro-

264 3227 387 3288 versiae
410 3223 508 3287 finem
537 3225 712 3287 effecerunt
736 3224 792 3286 sed
822 3225 911 3287 alteri
943 3225 1064 3288 civitati
1097 3246 1163 3288 rem
1199 3227 1331 3289 deman-

216 3357 219 3365 *
265 3334 431 3393 daverurrt.
481 3330 586 3411 Supra
620 3352 674 3414 pp.
704 3348 743 3409 14
775 3352 805 3392 n.
840 3332 917 3395 XIX
956 3332 1122 3395 attulimus
1156 3334 1328 3414 quomodo

264 3438 368 3501 Volso
392 3458 443 3500 res
461 3438 622 3509 Asiaticas
645 3438 809 3512 ordinarit,
834 3439 943 3520 itaque
967 3440 1078 3501 statim
1101 3449 1266 3501 vertamus
1291 3442 1332 3503 ad

369 3544 420 3607 IL.
451 3544 549 3611 Arch.
580 3544 650 3625 Ztg.
686 3546 768 3625 1879
792 3564 823 3625 p.
853 3560 912 3626 127
934 3565 1004 3626 sqq.
1051 3545 1331 3627 Megalopolotani

264 3662 297 3713 et
331 3652 581 3713 Lacedaemonii
618 3651 658 3713 de
693 3670 773 3730 agro
808 3651 977 3713 Belbinate
1008 3662 1040 3714 et
1070 3652 1236 3733 Aegytide
1272 3653 1331 3715 diu

247 3738 501 3820 'contenderant
525 3759 601 3819 dum
626 3756 811 3821 Callicrates
835 3756 1118 3839 Megalopolitanis
1152 3779 1211 3821 eos
1234 3760 1334 3839 assig-

266 3866 360 3926 navit.
407 3864 504 3925 Putat
521 3884 600 3924 vero
617 3864 862 3944 Dittenberger‚
889 3866 943 3945 qui
961 3865 1089 3926 titulum
1106 3865 1215 3940 edidit,
1234 3866 1333 3928 Lace·

266 3970 456 4033 daemonios
473 3990 538 4032 non
556 3970 729 4032 oboedisse
752 3971 880 4043 iudicio,
905 3972 1199 4053 Megalopolitanos
1222 3982 1333 4035 autem

266 4077 299 4144 id
340 4078 377 4141 iis
423 4076 502 4138 vitio
555 4078 689 4139 vertisse
735 4077 824 4160 apud
864 4076 1026 4153 Achaeos,
1074 4099 1157 4159 quos
1195 4082 1334 4146 multam
