2900 4559
656 288 898 364 ‹-·112-

244 515 359 558 omnes
370 496 421 578 ¹⁰⁹)
446 491 515 557 iilos
544 488 664 568 titulos,
697 494 815 575 quibus
846 504 1062 577 provocatum
1088 514 1158 556 esse
1183 496 1312 559 ostendi

246 603 303 663 viri
350 603 437 666 docti
485 603 766 675 existimaverunt,
813 601 905 665 aliter
950 601 1179 683 intelligendos
1226 622 1308 669 esse.

247 710 388 772 Evanuit
411 710 510 790 igitur
533 708 585 772 illa
609 710 768 771 sententia
791 708 893 771 altera
917 710 949 771 in
973 710 1131 773 societate
1146 705 1312 773 maritima

248 816 398 879 Athenas
422 815 519 879 fuisse
547 817 943 897 ›Appellationsinstanz‹
976 816 1172 895 quibusdam
1200 818 1310 879 civita-

246 924 343 989 tibus,
390 924 451 987 Est
474 921 634 1006 ἔκκλητος
657 920 754 996 πόλις
778 942 816 984 ea
841 924 932 997 urbs‚'
952 924 994 985 ad
1017 943 1117 1005 quam
1147 923 1311 987 iudicandi

246 1039 391 1109 potestas
415 1030 557 1093 defertur
581 1039 637 1093 aut
660 1049 679 1091 a
702 1030 829 1092 duabus
853 1030 920 1091 aliis
951 1039 1007 1093 aut
1037 1031 1080 1093 ab
1114 1050 1188 1104 una,
1226 1051 1310 1110 quae

247 1136 440 1201 factionibus
455 1138 555 1199 scissa
579 1146 636 1211 est,
661 1137 705 1199 ita
729 1146 849 1210 tamen,
875 1137 984 1200 utilia
1008 1137 1085 1200 urbs
1107 1137 1311 1218 litigantibus

246 1264 314 1307 non
354 1246 493 1324 imperet
532 1254 587 1308 aut
616 1264 672 1306 eos
701 1245 857 1307 subactos
888 1243 1009 1307 habeat
1038 1244 1096 1307 sed
1124 1245 1227 1308 abiis
1252 1265 1311 1307 sua

247 1360 375 1432 sponte.
424 1371 508 1431 quae
546 1352 684 1423 decidat,
725 1350 824 1430 digna
862 1350 1029 1414 habeatur.
1090 1351 1204 1431 Itaque
1243 1372 1310 1414 non

248 1477 308 1520 suo
332 1458 400 1519 iure
423 1458 523 1521 Meier
546 1479 582 1540 p.-
597 1474 639 1537 30
662 1458 797 1521 offendit
820 1458 852 1520 in
880 1458 987 1521 verbis
1011 1457 1251 1521 Hudtwalckeri
1274 1478 1308 1538 p.

252 1566 313 1626 126
337 1566 378 1627 de
403 1561 561 1648 ἔκκλητος
584 1563 680 1638 πόλις
704 1573 740 1625 ut
772 1565 866 1628 tertia
897 1566 976 1627 urbe
1010 1565 1113 1628 electa
1136 1586 1156 1628 a
1178 1565 1309 1629 duabus

206 1713 210 1722 -
249 1672 318 1734 aliis
341 1672 550 1750 litigantibus
575 1672 685 1734 dicens
711 1672 819 1733 ›eine
836 1671 1134 1746 Rechtssache,
1159 1673 1312 1735 welche

247 1778 316 1840 auf
335 1779 450 1841 diese
473 1779 600 1842 Weise
625 1780 664 1861 (si
688 1778 719 1839 in
743 1778 849 1841 causis
873 1774 940 1842 όπό
964 1777 1137 1861 συμβόλων
1152 1800 1171 1842 a
1187 1780 1310 1842 iudicio

246 1886 393 1959 civitatis
419 1904 502 1965 quae
525 1886 731 1959 iudicaverat,
756 1886 798 1947 ad
820 1885 960 1949 tribunal
991 1896 1160 1949 externum
1191 1907 1310 1968 provo-

247 2002 354 2053 catum
367 1996 448 2070 erat)
464 2012 510 2055 an
527 1994 650 2054 einen
668 1993 952 2074 auswartigen
970 1992 1089 2056 Staat
1104 1995 1309 2075 gelangte,

245 2100 363 2161 hiess
386 2095 590 2184 ἔκκλητος
614 2099 708 2183 όίκη
733 2100 812 2161 und
843 2100 911 2162 der
933 2099 1050 2163 Staat
1081 2100 1221 2172 selbst,
1254 2121 1310 2163 an

246 2208 325 2268 den
350 2226 433 2268 man
456 2228 498 2270 so
521 2206 779 2289 appeliierte,
805 2202 1005 2291 ἔκκλητος
1028 2203 1150 2282 πόλις
1166 2217 1310 2289 excepto

246 2332 311 2375 uno
335 2313 407 2375 loco
430 2312 480 2379 Ps.
497 2312 577 2376 Plut.
595 2334 646 2395 ap.
664 2314 739 2375 Lac.
756 2335 788 2395 p.
808 2328 868 2392 215
895 2314 937 2392 (n.
955 2312 1006 2397 X),
1031 2324 1190 2378 annotans
1217 2315 1310 2377 »Ich

246 2420 835 2499 zweifleaber,dassPlutarch
851 2420 1312 2501 hierantikemSprach-

245 2510 454 2607 g'ebrauch
479 2527 634 2609 gesolgt
658 2528 728 2591 ist«
753 2526 960 2609 excluditque
984 2529 1147 2591 immerito
1171 2528 1207 2594 C.
1219 2528 1246 2608 J.
1263 2526 1309 2591 G.

246 2635 330 2713 2265
363 2638 406 2716 (n.
424 2634 510 2715 XV),
545 2636 631 2713 3598
662 2636 705 2711 (n.
722 2634 837 2719 XXV).
884 2635 950 2698 Sed
984 2637 1048 2698 iarn
1080 2635 1311 2699 Schdmannus

245 2740 326 2803 Alt.³
349 2742 376 2803 Il
404 2755 418 2821 5
444 2742 518 2805 adn.
536 2758 557 2817 4
580 2742 609 2803 ei
632 2740 820 2804 adversatus
837 2752 886 2806 est
901 2743 1035 2806 reiciens
1052 2763 1112 2805 nos
1129 2743 1170 2804 ad
1187 2743 1309 2821 Bergk.

243 2848 366 2913 Ztschr.
376 2852 408 2931 fi
425 2849 454 2910 d.
471 2849 535 2911 Alt.
558 2848 752 2928 Wiss.1847
776 2870 808 2931 p.
831 2866 923 2929 1099,
950 2850 1005 2913 ubi
1028 2850 1080 2912 hic
1112 2850 1153 2911 ad
1185 2849 1312 2931 Ussing

355 3078 395 3149 ¹⁸⁹)
417 3082 445 3129 C.
456 3082 478 3145 J.
494 3082 524 3131 A.
541 3082 566 3129 11
588 3092 615 3129 ιι
636 3102 671 3119 =
686 3078 802 3143 Frdnkel,
827 3082 859 3131 de
878 3082 1036 3146 condicione,
1055 3084 1117 3145 inre,
1135 3082 1314 3153 iurisdictiope

243 3171 367 3220 sociorum
392 3170 583 3221 Atheniensium
608 3170 667 3221 diss.
681 3170 786 3235 Leipzig
813 3170 879 3233 1878
905 3191 948 3239 pp.
963 3174 1066 3237 59-62
1085 3194 1121 3211 =
1139 3172 1203 3223 Ditt.
1220 3182 1251 3234 57
1273 3193 1315 3212 τ-

244 3259 279 3309 rb'
299 3276 350 3309 non
368 3276 435 3321 curo,
455 3260 501 3309 etsi
513 3260 688 3323 Dittenberger
700 3276 739 3310 vv.
753 3273 785 3309 10
798 3276 834 3325 sq.
845 3263 1007 3313 commendat
1018 3263 1067 3324 τὰς
1082 3260 1122 3328 [δὲ
1134 3257 1312 3329 ἐκκλήτ]ο[ς]

230 3348 352 3413 ··ἀφελέν.
390 3348 489 3398 Causae
516 3364 545 3396 ex
574 3349 659 3413 pactis,
689 3364 754 3413 quae
781 3350 888 3400 Athenis
915 3352 1033 3401 conclusa
1060 3357 1137 3412 erant,
1165 3331 1327 3401 contractae·

246 3440 351 3487 Athenis
369 3439 411 3504 agi
430 3439 552 3499 iubentur,
573 3454 663 3487 causae
681 3455 710 3487 ex
730 3439 809 3503 pactis
827 3439 888 3488 alibi
907 3440 979 3489 factis
997 3448 1064 3491 ortae
1088 3439 1227 3488 secundum
1249 3456 1314 3504 pac·

243 3536 296 3576 tum
315 3544 372 3577 cum
393 3528 462 3577 Chiis
480 3528 574 3576 factum
594 3527 646 3577 ἀπὸ
666 3527 803 3591 συμβόλων
821 3528 980 3577 instruendae
993 3536 1058 3581 sunt.
1095 3528 1163 3590 Quid
1177 3527 1313 3592 ἔκκλητοι

244 3616 315 3666 δίκαι
327 3617 368 3665 hic
381 3618 428 3665 sibi
440 3617 523 3677 velint,
543 3632 584 3665 rue
602 3617 696 3665 nescire
715 3616 810 3674 fate0r;
829 3632 896 3679 nam,
916 3626 1039 3681 quantum
1057 3618 1116 3680 scio,
1135 3617 1180 3665 viri
1195 3616 1265 3666 docti
1279 3635 1312 3668 ea

244 3706 269 3756 in
289 3722 314 3754 re
333 3707 498 3766 consentiunt,
518 3706 587 3769 quod
605 3706 630 3755 in
649 3706 731 3755 causis
754 3706 806 3755 ἀπὸ
831 3706 966 3769 συμβόλων
989 3708 1040 3756 iam
1064 3723 1109 3773 per
1134 3722 1161 3755 se
1184 3722 1309 3771 provoca·

245 3794 339 3843 tionem
358 3795 456 3843 licuisse
474 3802 583 3863 censent.
625 3794 676 3843 Cur
698 3795 774 3859 igitur
797 3795 838 3845 hic
862 3797 1027 3845 eximerentur
1054 3794 1197 3859 ἐκκλητοιὲ
1222 3795 1308 3845 Immo

243 3886 316 3933 eximi
343 3899 394 3933 non
417 3891 529 3947 possunt.
566 3884 633 3933 Tum
658 3884 679 3933 si
702 3884 735 3932 de
762 3886 940 3948 provocatione
967 3901 1048 3934 sermo
1066 3893 1138 3947 esset,
1169 3884 1309 3934 dicendum

240 3982 293 4021 erat
313 3975 336 4022 εἰ
356 3974 385 4023 δὲ
405 3972 556 4036 ἑκκληθείη
577 3973 594 4037 ἡ
614 3974 674 4036 δίκη
700 3972 750 4022 ὑπὸ
774 3975 820 4022 τοῦ
843 3973 996 4037 ἡττωμένου
1022 3976 1070 4024 καί
1091 3976 1171 4023 τοῦτο
1199 3974 1310 4033 stewar-

246 4062 338 4111 Nititur
362 4063 541 4126 Dittenberger
564 4062 637 4111 titulo
662 4062 690 4110 C.
703 4060 725 4125 J.
739 4063 770 4112 A.
788 4062 823 4109 IV
848 4072 899 4123 27a
917 4084 953 4101 =
971 4063 1034 4113 Ditt.
1054 4076 1092 4125 ιο,
1117 4080 1139 4112 v.
1162 4073 1204 4125 74,
1230 4080 1310 4128 quem

248 4149 312 4207 falso
330 4151 483 4221 interpretari
501 4150 611 4201 eruditos
629 4150 714 4202 docuit
732 4150 765 4202 de
784 4151 988 4203 Wilamowitzius
1006 4152 1054 4211 1.1.
1068 4169 1093 4221 p.
1108 4152 1150 4214 89.
