2900 4559
667 260 887 325 ...34-

248 456 334 529 dent,
353 455 398 519 IX
415 459 488 535 28‚7
505 456 604 517 verba
625 453 867 539 ἀποτεμόμενος
883 454 1016 533 καὶτὰς
1043 454 1156 532 πόλεις
1171 456 1228 521 καὶ
1249 455 1315 540 τὴν

245 560 357 647 χώραν
386 558 477 645 ὑμῶν
509 567 590 645 (τῶν
619 562 900 648 Λακεδαιμονίων)
935 563 1123 646 προσένειμε
1155 562 1219 647 τὴν
1249 563 1314 646 μὲν

249 665 409 753 Ἀργείοις,
433 669 496 754 τὴν
518 670 552 733 δὲ
578 669 750 753 Τεγεάταις
779 671 835 733 καὶ
864 671 1158 752 Μεγαλοποίίταις,
1190 669 1253 754 τὴν
1276 669 1313 733 δὲ

246 778 441 861 Μεσσηνίοις
464 776 647 859 Philippum
671 778 777 859 ipsum
801 777 993 839 diiudicasse
1016 778 1166 839 videntur
1188 777 1311 839 docere

244 884 283 949 cI.
323 885 419 946 etIam
457 883 574 956 XVIII,
611 901 658 960 14.
711 883 781 946 Liv.
807 885 907 964 38‚34
944 904 1013 945 rem
1051 892 1161 948 narrat
1197 883 1311 965 paullo

246 990 469 1054 inaccuratius.
515 990 640 1053 Eadem
664 1009 715 1053 res
732 999 1005 1059 commemoratur
1020 990 1113 1052 Paus,
1130 991 1206 1053 VIII
1224 1008 1309 1064 ιω,

248 1098 302 1159 ubi
333 1097 506 1159 Pausanias
547 1096 626 1160 Ialso
661 1116 721 1177 pro
755 1097 1039 1177 Megalopolitanis
1071 1108 1313 1161 commemorat

248 1204 432 1287 Argivos‘o)
455 1205 586 1267 nomina
618 1205 827 1267 confundens.
874 1204 942 1268 Sed
973 1224 1050 1266 cum
1084 1225 1124 1267 ne
1155 1204 1218 1270 hoc
1240 1206 1311 1286 qui-

247 1312 320 1375 dem
346 1310 418 1373 loco
442 1312 640 1375 accuratiora
670 1311 884 1393 proferantur,
918 1329 968 1373 res
1000 1312 1032 1373 in
1064 1312 1165 1375 dubio
1195 1323 1245 1375 est
1267 1312 1309 1378 cf.

246 1419 341 1480 etiam
367 1438 396 1480 n.
422 1418 472 1481 IL.
519 1418 636 1481 Iisdem
660 1417 784 1500 Polybii
809 1418 888 1481 Iocis
911 1419 1020 1481 nititur

351 1542 432 1617 LIII,
457 1542 510 1605 ubi
534 1562 631 1605 causa
653 1542 888 1605 Messeniorum
916 1553 951 1605 et
973 1543 1309 1607 Lacedaemoniorum

246 1648 286 1712 de
312 1668 391 1730 agro
415 1648 620 1713 Dentheliate
650 1650 691 1711 ad
721 1648 820 1711 finem
848 1650 1043 1731 perducitur,
1091 1652 1145 1713 Ad
1169 1652 1309 1713 eandem

247 1776 379 1821 eausam
418 1766 566 1838 spectant
600 1757 676 1819 Tac.
710 1777 784 1824 ann.
820 1756 867 1819 IV
893 1773 935 1836 43
968 1758 1068 1819 verba
1102 1758 1312 1822 »Macedonis

246 1864 413 1946 Philippi.
440 1913 446 1925 .
472 1914 478 1927 .
505 1913 510 1925 .
536 1865 632 1925 armis
657 1864 865 1945 ademptum
892 1872 926 1926 et
949 1864 1054 1927 Strab.
1088 1884 1119 1945 p.
1146 1866 1205 1943 361
1232 1867 1312 1947 περὶ

244 1962 283 2034 οὗ
320 1972 427 2056 κρίσιν
474 1966 567 2052 ἐ’σχον
604 1970 781 2053 Μεσσήνιοι
819 1968 903 2054 πρὸς
941 1970 1230 2053 Λακεδαιμονίους·
1253 1969 1310 2035 ἐπὶ

250 2080 430 2142 Φιλίππιον
478 2077 631 2159 intelligis
655 2098 695 2140 ne
717 2076 771 2140 hic
787 2078 919 2158 quidem
935 2096 1003 2140 rem
1019 2078 1052 2138 in
1069 2078 1210 2140 dilucido
1226 2098 1310 2141 esse.

245 2184 397 2247 Schaeier
423 2184 649 2247 ›Demosth
675 2184 755 2246 und
777 2186 897 2264 seilne
920 2184 1032 2247 Zeit‹
1058 2185 1102 2246 III
1125 2206 1179 2268 pp.
1205 2201 1306 2267 42sq.

242 2312 307 2354 non
332 2292 416 2366 dicit,
435 2291 512 2371 quid
535 2292 604 2373 ipse
627 2290 745 2353 sentiat
767 2311 874 2371 neque
897 2292 1007 2386 magis
1025 2287 1128 2355 Grote
1150 2292 1308 2373 griech.

242 2397 389 2461 Gesch.
417 2397 456 2465 cf.
481 2398 579 2460 etiam
602 2419 623 2460 n
646 2398 697 2460 LI.
1180 2421 1182 2424 ·

322 2522 430 2605 ,Cum
460 2523 607 2603 quaestio
639 2523 728 2585 haud
752 2523 963 2585 discernenda
986 2524 1035 2597 sit,
1061 2544 1138 2587 num
1162 2542 1212 2586 nn.
1238 2524 1307 2587 LII.

241 2638 274 2691 et
297 2629 377 2692 LIII.
403 2628 445 2691 ad
468 2650 536 2691 rem
560 2639 704 2693 nostram
728 2629 792 2693 sint
808 2630 975 2703 referendi,
993 2640 1080 2693 certe
1096 2631 1182 2693 idem
1198 2652 1306 2711 genus

241 2736 391 2817 exempla
415 2746 488 2799 sunt
511 2757 562 2802 nn.
588 2736 662 2799 LIV
686 2746 718 2798 et
747 2736 813 2810 LV,
844 2737 900 2799 sed
932 2736 985 2799 hic
1022 2756 1079 2799 eos
1113 2757 1201 2818 pono
1226 2740 1303 2820 quia

240 2864 305 2905 non
345 2853 489 2927 apparet,
530 2863 607 2905 num
646 2842 802 2905 foederati
841 2863 976 2925 regesve
1014 2846 1163 2908 iusserint
1193 2855 1229 2908 ut
1259 2848 1304 2908 ita

239 2948 328 3013 fieret
344 2951 548 3026 diiudicatioss
567 2950 655 3030 quod
672 2951 730 3013 nisi
748 2951 793 3014 ita
809 2960 865 3024 est,
891 2942 981 3014 locu's
1004 2962 1100 3030 aptus
1125 2972 1165 3013 ex
1189 2954 1304 3014 ordine

238 3058 395 3138 temporis
418 3058 456 3120 iis
479 3064 528 3121 est
551 3059 611 3121 sub
635 3077 685 3121 nn.
709 3056 788 3121 XIV
812 3068 844 3121 et
866 3055 952 3122 XVI.
998 3060 1058 3121 Est
1080 3079 1157 3120 vero

345 3164 427 3227 LIV.
453 3165 501 3227 Le
531 3164 594 3228 Bas
626 3164 668 3227 III
695 3181 706 3226 1
735 3193 777 3220 =
802 3164 906 3227 Cauer
939 3168 977 3246 58
1019 3166 1171 3228 iudicium
1207 3167 1301 3246 Argi·

238 3292 352 3334 vorum
376 3272 459 3334 inter
487 3270 600 3334 Melios
633 3280 665 3333 et
696 3270 851 3335 Cimolios
880 3273 921 3334 de
952 3273 1056 3334 tribus
1088 3272 1205 3339 Insulis.
1253 3272 1301 3335 Le

238 3380 350 3441 Basius
373 3381 457 3461 expl.
474 3380 567 3461 ponit
590 3378 621 3439 id
645 3378 677 3439 in
702 3398 788 3440 anno
812 3381 888 3456 416,
913 3381 991 3443 item
1014 3380 1126 3461 Egger
1150 3401 1181 3462 p.
1198 3380 1241 3442 68
1266 3391 1301 3443 et

237 3485 405 3567 Burgelius
440 3506 470 3565 p.
503 3501 576 3565 205,
612 3484 832 3549 Kirchhoifius
872 3486 998 3550 ›Stud
1032 3508 1057 3548 z.
1088 3484 1235 3549 Gesch.
1268 3488 1300 3549 d.

238 3593 393 3672 griech.
419 3592 548 3673 Alph‹
576 3614 606 3674 p.
638 3608 758 3674 roosq.
777 3612 824 3655 ca.
850 3594 970 3656 bellum
986 3594 1297 3675 Peloponnesiacum

237 3701 348 3762 exiens
372 3720 437 3762 non
468 3698 614 3762 refutatis
645 3697 693 3760 Le
716 3698 801 3761 Basii
833 3702 939 3762 causis
971 3700 1119 3781 Indignis.
1166 3700 1231 3764 Sed
1256 3720 1298 3763 ne

238 3862 448 3870 ..η--ρ--α-υ--η

345 3928 376 3995 ²²)
398 3932 491 3980 nurus
521 3932 629 3995 Progr.
663 3932 687 3982 ι.
717 3932 1029 3982 ouer-mancine
1056 3934 1089 3981 in
1117 3918 1296 3982 ernarr'eia

239 4016 351 4081 1882I83
387 4020 459 4067 »der
488 4020 668 4069 achiische
696 4020 788 4069 Bund
816 4022 878 4071 seit
908 4022 957 4071 168
975 4038 999 4073 v.
1018 4022 1108 4072 Chr«.
1134 4039 1159 4086 p.
1188 4034 1222 4069 ro
1248 4038 1295 4085 pro

234 4107 364 4175 ’Λργέίοις
377 4108 549 4159 scribendume
562 4124 602 4157 sse
619 4111 717 4160 censuit
735 4110 863 4177 Ἀχαιοῖς,
883 4112 951 4177 quod
970 4112 1031 4161 mihi
1049 4127 1101 4161 non
1120 4113 1247 4178 probatur.
