2900 4559
539 313 585 327 ...
630 276 761 341 75...

125 478 156 531 ut
179 468 361 554 ἐπιστάτην
383 470 443 533 sibi
467 472 631 535 mitterent
655 474 696 553 (v.
711 475 747 550 4)
773 473 828 552 qui
851 493 902 535 res
919 494 994 536 suas
1017 474 1183 539 ordinaret

123 577 158 659 (ν.
179 595 219 640 ro
242 580 328 659 sqq.)
342 579 380 660 47)
403 588 436 641 et
460 579 690 661 rempublicam
714 579 961 643 administraret.
1014 582 1183 647 Dummler

123 684 162 747 ob
178 685 278 747 verba
301 683 446 768 πρότερα
469 682 707 769 εὐεργετήματα
731 689 771 769 (v.
786 688 821 768 6)
844 689 899 768 agi
924 697 1019 769 putat
1045 690 1085 752 de
1109 691 1181 752 civi·

127 800 202 865 tate,
229 813 313 872 quae
337 792 456 855 diutius
480 792 544 857 iarn
568 792 682 857 suisset
703 795 765 857 sub
792 793 939 868 Rhodiis,
964 797 1187 878 cogitavitque

124 900 164 961 de
186 899 302 971 Naxia,
329 900 409 965 urbe
433 899 553 974 Carica,
579 900 655 981 quia
676 921 706 966 v.
733 917 753 962 2
774 900 911 982 legimus
943 901 1118 987 Θεόκριτος
1131 953 1137 965 .
1152 954 1181 970 ..

123 1008 266 1091 Ναξίτης
279 1054 327 1069 ...
354 1002 444 1071 εἶπεν
466 1026 571 1089 neque
595 1015 704 1069 tamen
728 1008 835 1072 editor
854 1009 1023 1088 cognitum
1039 1010 1184 1074 habebat

120 1113 222 1177 Naxia
245 1134 316 1177 esse
339 1114 459 1177 tribum
484 1114 557 1195 Syri
582 1114 712 1188 Insulae,
737 1115 770 1177 id
794 1116 883 1195 quod
906 1115 1073 1180 Swoboda
1095 1118 1178 1183 Mitt.

126 1220 202 1283 Ath.
217 1221 262 1283 XI
285 1242 316 1301 p.
329 1236 394 1301 447
419 1222 502 1283 eruit
525 1230 714 1303 comparato
739 1223 806 1303 C.J.
820 1221 859 1285 G.
877 1237 993 1303 23470.
1041 1222 1182 1305 Sedplus

119 1328 293 1391 sescenties
308 1327 433 1409 legitur,
459 1328 548 1409 quod
565 1329 651 1391 idern
675 1328 760 1393 valet
784 1338 881 1410 atque
907 1322 1055 1414 πρότερα
1079 1327 1180 1413 εὐαγε-

119 1434 255 1517 τήματα,
278 1430 315 1497 ἔτι
337 1456 373 1499 τε
397 1446 464 1510 τοῖς
486 1433 650 1518 πρότερον
663 1434 794 1519 χρόνοις
808 1433 924 1511 εὔνοος
940 1438 996 1501 καὶ
1009 1438 1104 1516 φίλος
1120 1428 1180 1510 aiv,

118 1562 191 1603 cum
203 1550 314 1605 tamen
330 1550 443 1605 neutra
459 1542 571 1605 civitas
587 1543 690 1605 neutri
706 1543 851 1606 subiecta
866 1544 922 1618 sit;
945 1563 1021 1609 num
1038 1556 1179 1623 unquam

115 1649 295 1711 audivimus
312 1647 470 1729 populum
493 1649 664 1713 subactum
688 1650 870 1713 decrevisse
886 1670 1052 1715 summurn
1076 1652 1174 1732 magi-

118 1766 248 1819 stratum
286 1756 461 1819 creandum
498 1764 532 1819 et
566 1756 743 1837 petendum
778 1777 848 1819 esse
883 1778 924 1821 ex
958 1758 1107 1830 dominis,
1144 1766 1179 1820 ut

118 1884 190 1927 eum
207 1862 362 1944 eligerent
378 1872 411 1925 et
426 1862 590 1925 mitterent
608 1871 641 1926 ut
656 1862 673 1925 l.
687 1863 706 1929 l.
719 1884 749 1924 v.
766 1880 783 1941 3
802 1886 873 1945 sqq.
891 1874 923 1928 et
939 1864 1002 1943 24?
1031 1864 1179 1927 Verbum

119 1970 295 2053 δοκιμάσας
310 1992 338 2033 ν.
357 1986 395 2031 ιο
411 1970 562 2043 ostendit,
581 1978 701 2051 quanta
717 1990 792 2033 cum
817 1992 892 2036 cura
916 1983 948 2035 et
972 1972 1180 2054 providentia

119 2077 236 2141 Rhodii
260 2098 335 2139 eum
359 2077 523 2157 elegerint.
570 2077 645 2141 Hoc
668 2078 700 2139 in
723 2078 848 2159 populo
863 2080 997 2141 subdito
1013 2099 1096 2161 opus
1113 2098 1179 2142 non

118 2194 177 2250 est.
225 2184 490 2246 Wilamowitzius
522 2183 639 2247 collato
664 2184 742 2245 Bull.
761 2186 792 2247 X
820 2189 878 2248 118
913 2186 1019 2250 effecit
1049 2184 1177 2249 titulum

119 2300 224 2357 ortum
254 2310 325 2353 esse
354 2290 435 2353 inter
469 2294 529 2369 189
552 2300 586 2355 et
614 2292 683 2365 168,
715 2312 789 2355 curn
813 2292 933 2357 Rhodii
963 2312 1093 2356 summa
1120 2313 1179 2374 per

121 2418 207 2461 mare
231 2398 401 2479 Aegaeum
425 2396 576 2461 florerent
599 2398 800 2467 auctoritate.

632 2548 670 2628 3.

224 2664 383 2745 Colligam
399 2662 462 2726 huc
480 2684 592 2727 omnes
617 2686 673 2729 eos
697 2666 817 2739 titulos,
842 2667 897 2746 qui
914 2666 1080 2728 continent
1103 2685 1175 2727 cau-

119 2793 170 2835 sas
194 2772 336 2855 privatas
360 2772 452 2834 unius
476 2770 614 2835 civitatis
638 2774 725 2835 iussu
750 2774 835 2853 regis
857 2773 980 2835 aliusve
1004 2772 1176 2855 potestatis

116 2880 158 2942 ab
197 2880 338 2942 externis
376 2865 553 2942 iudicibus
573 2890 713 2943 exactas.
766 2881 860 2943 Talia
899 2880 1004 2943 edicta
1044 2888 1100 2941 aut
1133 2880 1176 2941 ad

115 2996 236 3050 certam
268 3006 396 3049 causam
430 2986 606 3050 tollendam
631 2997 685 3050 aut
708 2988 741 3049 in
765 2996 894 3068 tempus
917 2986 1059 3049 futurum
1088 2986 1174 3049 edita

115 3103 208 3175 sunt3
232 3094 296 3156 iam
320 3102 496 3157 tractemus
520 3095 637 3174 priora.

604 3210 676 3291 31.

225 3342 384 3409 CXXXII.
410 3342 443 3406 C.
464 3344 488 3425 J.
515 3342 552 3406 G.
578 3272 659 3425 267l1
693 3373 736 3400 =
761 3345 864 3408 Cauer
904 3357 962 3425 157
1000 3341 1176 3425 Calymniis

113 3452 187 3532 Jasii
205 3452 347 3533 quinque
365 3450 486 3513 iudices
511 3452 666 3515 miserunt
690 3452 731 3515 ad
755 3471 869 3516 causas
892 3451 1096 3524 dirimendas,
1121 3451 1175 3529 qui

170 3610 271 3678 μινο]ν,
291 3612 379 3663 ὁπόσα
397 3613 426 3663 δὲ
444 3611 498 3680 (ἂν)
518 3614 545 3662 ἐν
564 3612 597 3677 τῇ
616 3612 732 3676 διαφορᾷ
751 3612 796 3681 [μὴ
816 3612 940 3678 διακριθῇ
958 3628 985 3662 κ.
998 3628 1020 3662 τ.
1032 3613 1057 3663 λ.
1086 3610 1177 3661 Cuma·

170 3702 245 3751 undis
263 3702 417 3752 coniecturas
435 3716 479 3753 cur
496 3701 596 3767 penitus
613 3702 739 3751 reiecerim
757 3702 790 3754 cl.
809 3716 940 3751 excursum
954 3702 1002 3754 111.

224 3787 258 3857 u)
278 3808 301 3842 v.
320 3804 351 3839 10
370 3807 423 3855 sqq.
437 3791 539 3842 lacunas
563 3791 597 3841 sic
620 3790 731 3855 explevi:
746 3825 860 3842 .......
879 3788 993 3858 Ὀχίδαν1
1018 3795 1065 3843 τοῦ
1090 3793 1176 3855 δεῖνος

119 3881 148 3943 ὃς
166 3878 226 3948 κα]ῑ
244 3880 443 3945 παραγενηθεὶς
468 3881 505 3943 εἰς
529 3879 582 3947 clu
605 3877 689 3947 noluvl
717 3877 777 3946 [τὴν
800 3879 931 3943 ἡμετέραν
955 3883 1044 3930 πᾶσαν
1073 3878 1176 3947 quorn-

118 3986 183 4021 σατο
197 3970 315 4033 σπουδὴν
328 3966 381 4037 nell
404 3967 562 4036 [φιλοτιμίαν
582 3970 654 4030 ὅπως
674 3970 705 4018 ἂν
724 3968 807 4030 λύσας
826 3965 925 4035 nottho
943 3971 990 4018 καὶ
1009 3967 1172 4037 οοναγαγὼνΙ

120 4056 233 4127 [πάντας
250 4058 312 4121 τοὺς
331 4056 546 4125 διαφερομένους]
565 4059 600 4108 τά
612 4073 642 4107 τε
657 4059 755 4125 ἀρχεῖα
773 4056 969 4126 κατασ[τήαειε.
989 4074 1010 4109 ν.
1025 4069 1060 4119 24
1077 4056 1176 4128 παρα]-

122 4148 234 4215 κληθείς
251 4148 301 4199 ὑπὸ
320 4150 366 4199 τοῦ
384 4146 476 4213 δήμου.
1091 4151 1099 4164 “
