2900 4559
691 230 974 303 -12-‘

271 442 449 514 posuerunt
472 434 719 517 Megarensibus
739 435 911 499 'arbitrium
944 435 1240 501 commendandum
1264 456 1342 500 esse

271 541 312 603 de
333 542 447 615 causis,
469 561 551 622 quae
574 542 636 605 sibi
660 564 733 607 cum
750 543 1022 609 Lacedaemoniis
1038 554 1157 618 essent,
1173 546 1232 607 sed
1248 546 1340 607 idem

271 648 362 712 addit
385 669 452 711 rem
469 650 601 713 minime
622 650 810 715 credibilem
834 650 923 714 illum
945 650 1109 724 abnuisse,
1134 652 1224 732 quod
1240 660 1341 732 turpe

273 762 362 819 ratus
396 766 481 820 esset
515 758 677 841 principes
712 755 868 821 Graeciae
905 759 982 821 iuris
1017 759 1231 838 imperitiores
1265 780 1341 823 esse

273 863 526 944 Megarensibus.

379 992 432 1055 XI.
458 989 568 1071 Polyb.
593 989 621 1052 ll
645 1006 696 1070 39.
722 1006 744 1069 9
768 1010 816 1070 sq.
842 989 1092 1053 Lacedaemonii
1124 999 1157 1053 et
1186 991 1339 1055 Thebani

271 1108 346 1180 post
358 1118 504 1181 pugnam
516 1097 719 1160 Leuctricam
736 1097 901 1170 derebus,
921 1096 962 1158 de
979 1096 1097 1177 quibus
1108 1098 1334 1180 ambigebant,

271 1206 313 1267 ad
348 1205 501 1269 Achaeos
535 1204 703 1267 arbitrium
740 1205 925 1267 detulerunt
958 1204 1001 1267 ob
1037 1224 1151 1267 eorum
1181 1206 1338 1269 virtutem
1383 1284 1389 1297 .

226 1384 233 1403 ·
275 1313 461 1376 maximam.
495 1311 672 1393 Polybium
696 1320 826 1374 secutus
850 1311 1062 1387 idemnarrat
1078 1311 1184 1374 Strab.
1200 1312 1277 1374 VIll
1301 1334 1337 1395 p.

272 1422 337 1497 384
350 1440 419 1501 cap.
435 1436 464 1499 7.
488 1418 639 1482 Ceterum
657 1417 791 1481 Grotius
806 1418 900 1481 hist.
917 1418 966 1479 ol
985 1417 1045 1484 Gr.
1059 1418 1113 1481 IX.
1130 1438 1163 1498 p.
1181 1435 1244 1499 417
1262 1422 1338 1483 adn.

278 1542 289 1585 1
319 1526 447 1589 dubitat
471 1547 548 1589 num
584 1546 696 1591 revera
729 1524 809 1588 haec
844 1545 894 1587 res
929 1526 1090 1595 acciderit,
1115 1527 1191 1606 quia
1228 1547 1339 1608 neque

273 1632 437 1715 litigantes
459 1633 610 1707 Achaeis
636 1634 691 1713 qui
723 1642 794 1695 tum
824 1633 949 1695 minore
979 1632 1128 1715 potentia
1151 1633 1335 1707 utebantur,

271 1760 341 1803 rem
366 1740 500 1805 delaturi
525 1739 658 1804 luissent
682 1760 789 1822 neque
820 1738 955 1803 omnino
985 1730 1120 1802 bellum‘
1136 1759 1207 1801 esse
1241 1740 1339 1803 desiit

276 1846 340 1909 ullo
364 1857 520 1929 tempore.

377 1972 450 2039 ΧΠ.
498 1970 670 2037 Demosth.
705 1970 816 2035 XVllI
845 1986 906 2049 134
937 1970 1155 2033 Athenienses
1187 1981 1220 2033 et
1250 1972 1335 2035 Delii
1439 1969 1440 1972 ’

270 2078 303 2139 in
326 2079 526 2143 inimicitiam
549 2100 584 2142 se
608 2078 790 2143 imbuerant
813 2080 858 2141 ob
880 2077 994 2159 templi
1017 2077 1100 2139 Delii
1132 2078 1336 2142 administra-

271 2186 400 2247 tionem.
450 2185 585 2249 Summa
618 2186 779 2249 iudicandi
807 2186 855 2246 vis
885 2186 1026 2265 utrisque
1056 2186 1335 2249 consentientibus
1439 2235 1440 2242 ,

270 2302 338 2355 erat
367 2313 466 2374 penes
498 2293 760 2375 Amphictyones
791 2290 1012 2371 Delphie0s⁷).
1059 2291 1241 2354 Boeckhius
1268 2293 1333 2355 hoc
1439 2323 1440 2326 ¹

278 2398 397 2463 lactum
429 2420 500 2464 esse
536 2402 614 2463 dicit
643 2412 717 2479 345,
750 2397 941 2463 Schaeferus
975 2399 1086 2464 Dem.
1117 2400 1194 2461 und
1224 2400 1335 2462 scine

269 2506 356 2569 Zeit
379 2506 407 2569 11
431 2520 496 2587 350
518 2527 604 2572 anno
629 2522 700 2587 343.

378 2614 466 2679 ΧΙΙΙ.
493 2614 640 2677 Aischin.
663 2612 749 2677 Ctes.
775 2634 805 2696 p.
832 2625 895 2693 475
921 2616 941 2693 §
967 2616 1006 2691 83
1038 2611 1208 2695 Philippus
1231 2615 1330 2678 Athe-

270 2720 434 2785 niensibus
464 2742 549 2785 anno
586 2737 648 2800 342
681 2724 836 2803 proponit
864 2718 958 2785 πόλει
988 2720 1053 2783 τινὶ
1082 2718 1136 2802 ἴσῃ
1159 2721 1214 2784 καὶ
1237 2716 1332 2811 ὁμοίᾳ

269 2824 455 2911 ἐπιτρέπειν
484 2829 651 2893 arbitrium
680 2828 721 2889 de
755 2827 951 2900 Halonneso,
983 2827 1041 2889 sed
1072 2827 1232 2909 repulsam
1257 2832 1331 2893 tulit

269 2932 307 2995 cf.
336 2934 432 2997 etiam
456 2934 633 3017 Hegesipp.
660 2934 730 2997 Hal.
748 2954 802 3014 pp.
824 2937 864 3012 78
887 2936 907 3013 ξ
933 2949 961 3013 7,
988 2937 1026 3012 85
1046 2936 1066 3013 ξ
1092 2935 1141 3013 36,
1159 2936 1254 2998 Dem.
1273 2957 1324 3019 ep.

269 3041 346 3104 Phil.
373 3063 405 3123 p.
435 3043 505 3121 163,
535 3058 583 3109 12.

374 3166 459 3231 XIV.
483 3166 562 3229 Plut.
589 3166 732 3229 Demetr.
757 3182 807 3228 22.
831 3163 914 3228 Cum
930 3164 1049 3227 Rhodii
1070 3185 1143 3227 cum
1160 3166 1327 3233 Demetrio

268 3293 354 3336 anno
385 3289 450 3354 304
479 3272 598 3337 bellum
629 3274 875 3345 contraxissent,
905 3272 949 3335 ab
972 3272 1251 3357 Atheniensibusssl
1284 3278 1329 3339 ita
1358 3311 1364 3327 ·

268 3400 319 3441 res
343 3380 455 3445 sedata
479 3389 537 3453 est,
563 3388 597 3442 ut
620 3379 741 3442 Rhodii
764 3380 933 3442 Demetrio
957 3380 1110 3441 adessent
1125 3391 1239 3444 contra
1260 3403 1327 3446 om-

269 3508 326 3549 nes
349 3487 460 3550 hostes
484 3495 623 3568 excepto
647 3486 848 3554 Ptolemaeo,

373 3612 444 3674 XV.
468 3610 503 3678 C.
526 3613 551 3693 J.
576 3611 614 3674 G.
640 3614 722 3692 2265
754 3612 867 3675 Naxiis
897 3621 930 3672 et
959 3611 1057 3673 Pariis
1089 3631 1206 3675 causae
1237 3627 1328 3679 erant

268 3726 367 3779 ortae.
412 3718 612 3781 Eretrienses
636 3739 694 3801 per
716 3718 900 3800 complures
915 3718 1038 3779 iudices
1054 3738 1122 3780 rem
1139 3733 1325 3801 exegerunt.

376 3914 396 3982 ⁷)
414 3916 453 3965 Dc
472 3916 512 3964 Ps.
532 3914 597 3965 Plut.
617 3931 658 3980 ap.
677 3916 738 3966 Lac.
752 3928 804 3977 230
819 3915 843 3962 D
856 3913 899 3978 qui
919 3915 993 3964 tradit
1011 3916 1062 3963 iam
1081 3921 1155 3963 antec
1174 3917 1324 3970 Pausaniam

269 4005 422 4055 Cleombroti
441 4006 520 4057 filium
539 4005 571 4052 de
589 4019 620 4053 ea
637 4020 663 4053 re
682 4003 805 4053 iudicasse
823 4004 850 4053 cf
865 4021 892 4069 p,
915 4015 948 4065 27
969 4003 998 4066 ς’.

375 4092 396 4163 ⁸)
416 4094 491 4147 Diod.
512 4106 553 4145 20.
573 4106 607 4157 99
627 4094 739 4143 nominat
759 4094 871 4156 Aetolos,
889 4095 978 4145 iniuria
998 4104 1024 4144 ut
1043 4094 1147 4144 videtur.
