2900 4559
527 299 771 359 -109-

122 489 286 557 διδόντων
320 492 511 577 παρευρέσει
544 491 681 579 μηδεμιᾷ
714 491 781 557 scil.
801 487 833 553 oi
862 477 1087 575 Ἱεραπύτνιοι,
1123 490 1182 553 etsi

120 618 179 678 per
202 620 238 661 se
262 600 466 682 Hierapytnii
491 610 588 679 pacto
613 598 645 659 id
668 598 843 681 prohibere
866 617 932 660 non
955 606 1116 680 poterant,
1148 598 1180 659 id

121 706 217 769 etiam
253 706 306 768 hic
338 706 466 769 defendi
496 726 595 786 posse
628 715 719 787 put0,
753 726 826 767 cum
857 705 1065 767 manifestum
1096 714 1181 768 esset

120 834 175 875 eos
213 815 406 875 necessitate
442 814 518 877 data
553 814 584 875 vi
620 814 852 875 intercessuros
884 832 962 873 esse.
1009 812 1181 875 Praeterea

123 920 218 982 etiam
243 920 345 983 altero
370 921 574 983 iureiurando
598 920 684 982 idem
709 919 845 983 docetur
869 927 901 981 et
925 919 1029 979 inerat
1046 918 1182 980 sortasse

121 1028 220 1089 etiam
233 1027 264 1088 in
281 1029 386 1098 tertio,
405 1030 492 1110 quod
510 1027 612 1107 periit.
653 1026 712 1089 His
730 1026 930 1107 argumentis
954 1026 1041 1086 nisus
1065 1025 1178 1088 Harte-

123 1134 182 1196 lius
219 1134 326 1197 effecit
361 1134 455 1209 Ceos
496 1136 550 1217 qui
589 1134 712 1197 redacti
751 1144 868 1208 essent,
908 1132 995 1196 solos
1034 1133 1179 1215 polliceri

119 1242 267 1321 potuisse
290 1262 325 1304 se
349 1252 515 1304 curaturos
539 1262 619 1313 esse,
645 1261 685 1303 ne
703 1240 775 1320 quis
790 1242 888 1305 rebus
903 1240 997 1303 novis
1016 1242 1178 1317 studeret;

124 1358 154 1411 et
177 1349 223 1412 ita
246 1349 409 1430 supplevit
429 1370 515 1433 quae
538 1348 640 1415 attuli.
679 1348 718 1410 V.
734 1350 773 1410 82
797 1348 928 1430 supplet
950 1346 1028 1412 τάδε
1050 1342 1182 1431 ὤμοσαν

119 1456 173 1535 (se.
190 1452 224 1519 αἱ
247 1454 359 1532 πόλεις
388 1452 422 1519 al
446 1452 482 1519 έν
511 1454 597 1540 Κέῳ,
627 1456 716 1537 quod
748 1476 804 1517 cur
832 1456 989 1517 omissum
1020 1456 1071 1529 sit,
1101 1476 1179 1536 quo-

121 1562 220 1625 modo
250 1563 465 1625 demonstrari
488 1564 601 1645 possit,
627 1582 692 1624 non
716 1561 851 1645 addidit)
873 1562 981 1637 Κείοις
1003 1557 1060 1635 ode
1083 1562 1180 1646 κατίγ

122 1691 223 1751 γαγον
239 1659 415 1753 Ἀθηναῖοι·
429 1665 467 1733 oi>
484 1668 754 1756 μν]ησικακ[ήσω.
793 1670 943 1731 Dubitari
958 1677 1078 1747 potest,
1104 1689 1183 1749 quo-

23 1768 25 1775 ’
120 1776 219 1839 modo
238 1777 270 1838 in
287 1776 388 1839 altero
405 1776 608 1840 iureiurando
632 1776 849 1857 intellegenda
872 1776 936 1837 sint
951 1776 1052 1838 verba
1069 1777 1180 1841 Κείων

119 1878 175 1957 οὓς
197 1883 396 1966 κατήγαγον,
420 1892 527 1946 utrum
551 1904 611 1965 pro
635 1882 718 1966 πρὸς
748 1883 889 1957 τούτους
912 1882 1024 1946 Κείων
1053 1879 1110 1958 οὓς
1138 1904 1178 1946 an

119 1990 321 2053 cohaereant
349 2012 424 2053 cum
450 1985 541 2075 ὅρκοι
564 1996 633 2055 τῶν
656 1989 791 2054 πόλεων
814 1997 882 2054 τῶν
909 1988 945 2053 έν
968 1988 1053 2074 Κέῳ.
1101 1990 1181 2053 Illud

117 2096 219 2159 voluit
232 2097 395 2161 Hartelius
407 2118 438 2179 p.
448 2100 519 2177 1083
531 2099 589 2160 sed
603 2118 710 2160 nonne
722 2108 791 2159 tum
805 2098 901 2159 urbes
913 2095 999 2159 Ceae
1014 2097 1065 2160 bis
1077 2098 1182 2160 iurant

116 2205 257 2267 redactis
280 2205 339 2267 illis
362 2204 428 2271 scil.
454 2205 485 2265 in
509 2205 609 2267 altero
626 2213 658 2265 et
673 2204 769 2267 tertio
785 2204 1007 2267 sacramento?
1033 2205 1181 2266 Alterum

114 2312 139 2372 si
164 2312 276 2385 sunnis
301 2313 441 2375 maxime
465 2311 609 2387 offendit,
642 2312 730 2391 quod
759 2309 801 2372 illi
824 2309 891 2385 Cei,
923 2311 976 2392 qui
1008 2312 1049 2373 ab
1079 2310 1180 2374 Athe·

113 2418 280 2480 niensibus
305 2420 384 2500 ipsis
409 2420 546 2482 restituti
571 2428 655 2494 sunt,
694 2418 732 2479 iis
756 2419 871 2491 iurant,
904 2438 979 2479 cum
1013 2419 1045 2479 in
1074 2420 1180 2497 primo

115 2535 322 2588 sacramento
346 2546 409 2587 una
433 2545 508 2587 cum
532 2527 569 2587 iis
593 2536 629 2590 ut
651 2525 751 2588 altera
775 2544 850 2607 pars
874 2535 1178 2587 commemorentur.

114 2631 375 2695 Mihi-Kochleri
398 2633 541 2715 perbene
565 2633 673 2715 placet
698 2632 899 2696 distributio:
924 2632 937 2693 I
960 2631 1179 2695 Athenienses

115 2747 149 2799 et
173 2739 314 2802 societas
349 2739 581 2803 »Seebunde
615 2748 728 2802 contra
758 2724 841 2801 Ceos
871 2739 1034 2813 subactos,
1066 2740 1094 2800 II
1122 2737 1179 2802 Cei

115 2845 244 2907 subacti
283 2856 394 2909 contra
423 2845 508 2909 Ceos
537 2846 694 2921 redactos
728 2844 956 2918 Athenienses
986 2846 1103 2919 socios
1136 2845 1180 2909 ΙΙΙ

35 3028 39 3036 ,
117 2951 177 3013 Cei
202 2954 324 3016 redacti
348 2964 461 3016 contra
483 2951 569 3016 Ceos
584 2952 757 3016 subactos?
793 2953 878 3016 Sane
896 2952 1041 3015 mirabile
1057 2962 1177 3027 manet,

117 3058 209 3136 quod
242 3079 270 3121 v.
290 3077 328 3138 19
360 3061 478 3140 legitur
501 3058 675 3123 Chabriam
706 3079 767 3140 pro
795 3058 869 3123 Ceis
899 3078 1030 3140 quoque
1058 3060 1180 3123 iurasse

119 3173 153 3226 et
177 3174 287 3230 tamen
320 3166 436 3230 horum
466 3168 685 3230 iusiurandum
717 3166 858 3229 affertur.
907 3165 973 3229 Sed
1003 3167 1035 3227 in
1066 3177 1180 3248 aperto

117 3281 176 3345 est,
203 3274 328 3335 etiamsi
353 3276 458 3356 primo
482 3275 686 3337 iureiurando
710 3274 742 3335 in
766 3293 901 3336 numero
918 3273 1061 3336 omnium
1077 3274 1179 3335 socio-

118 3398 191 3440 rum
218 3381 314 3441 etiam
338 3380 424 3444 Ceos
448 3382 598 3444 redactos
622 3381 778 3462 adstringi
802 3380 1029 3453 concedamus,
1061 3380 1122 3442 hac
1145 3401 1180 3441 re

120 3505 186 3547 non
211 3488 339 3549 excludi
370 3488 431 3549 hos
461 3489 549 3571 ipsos
577 3476 709 3571 quodue
739 3488 854 3551 ceteris
878 3487 952 3550 Ceis
983 3476 1179 3550 oblivionem

116 3593 230 3659 iurare.
285 3594 388 3658 Multo
424 3596 528 3676 magis
564 3595 765 3658 offenderent
800 3594 935 3657 Hartelii
970 3592 1025 3657 illa
1043 3594 1179 3675 ‚supple-

116 3714 226 3763 menta
255 3723 284 3768 v.
305 3716 345 3781 70
369 3711 403 3765 et
427 3705 478 3777 82,
510 3702 725 3782 quamobrem
756 3711 843 3764 certe
873 3701 1033 3764 reicienda
1070 3702 1178 3765 viden-

115 3817 170 3870 tur
199 3828 279 3874 esse.
328 3812 374 3871 At
404 3830 511 3872 nonne
541 3810 635 3872 tertia
667 3808 841 3888 explicatio
864 3810 1038 3871 verborum
1064 3804 1179 3895 έκκλη-

114 3936 174 3988 τος
196 3914 293 3989 πόλις
323 3916 458 3978 inveniri
481 3925 591 3998 potest
613 3916 763 3979 videlicet
797 3917 892 3978 >urbs
916 3935 999 3996 quae
1023 3937 1041 3978 e
1064 3917 1179 3979 ceteris

116 4033 255 4086 evocata
290 4023 340 4085 vel
370 4022 473 4086 electa
503 4022 593 4087 esti?
640 4024 731 4086 Haec
764 4024 847 4085 ratio
876 4023 1055 4108 explicandi
1087 4045 1178 4087 meae

115 4130 374 4217 interpretationi
415 4150 514 4215 quam
556 4131 725 4195 utilissima
771 4139 866 4205 esset,
914 4132 1076 4214 quoniam,
1124 4131 1178 4220 qui
