2900 4559
699 256 922 319 ..44-

280 449 485 521 multaticIae,
518 449 559 512 de
582 471 646 532 qua
676 460 871 513 convenerat
879 482 884 523 ;
900 460 936 513 ut
966 451 993 513 is
1023 448 1163 512 solveret
1191 448 1244 529 qui
1269 466 1349 511 sero

279 558 419 636 veniret,
436 559 460 619 si
478 568 628 639 ageretur
644 560 685 621 de
700 560 843 640 quinque
858 558 997 630 talentis,
1022 558 1204 636 probarem.
1236 556 1348 619 Immo

279 684 318 727 ea
346 664 446 727 multa
471 664 725 729 Atheniensibus
754 666 907 746 imposita
938 666 1054 729 octob
1078 664 1225 743 Oropum
1250 664 1347 744 expi-

279 771 386 834 latam.
433 772 541 853 Quid?
565 772 654 853 quod
678 771 846 837 Selinuntii
880 792 967 836 anno
1000 788 1068 848 410
1096 771 1140 856 (n.
1163 770 1228 853 IX)
1256 769 1348 832 nulla

279 900 369 941 mora
392 879 518 960 legatos
542 879 698 945 miserunt
720 879 775 962 qui
797 901 816 943 a
839 900 874 943 se
890 879 1145 959 Segestanorum
1168 876 1345 939 consilium

280 1006 345 1049 non
369 986 501 1069 probari
525 986 719 1060 nuntiarent,
744 1007 882 1050 eureos
904 986 1068 1050 idIecisse
1091 995 1189 1066 putas
1212 984 1270 1046 nisi
1294 984 1346 1047 ob

281 1113 378 1155 unam
406 1114 478 1157 earn
495 1113 638 1167 causam,
656 1115 696 1159 ne
713 1094 925 1177 Syracusanis
940 1103 974 1157 et
985 1095 1046 1177 ipsi
1058 1114 1127 1157 reni
1138 1092 1347 1156 tractandam

284 1201 411 1263 tradere
449 1201 508 1281 visi
546 1210 671 1282 postea,
710 1202 736 1265 si
775 1202 929 1265 iudIcium
959 1199 1236 1282 Syracusanorum
1274 1218 1345 1261 non

280 1318 456 1382 curassent,
481 1326 592 1372 eorum
611 1308 699 1382 iram,
724 1308 859 1373 aliorum
877 1308 1133 1388 indignationem
1155 1305 1346 1369 moverent?

279 1414 469 1496 Antequam
497 1415 561 1478 tale
590 1415 744 1479 iudicium
775 1420 984 1496 appeteretur
1010 1436 1038 1478 n.
1069 1414 1161 1478 XXII
1191 1413 1346 1476 diaetetis

277 1542 328 1582 res
350 1523 581 1586 commendata
605 1532 670 1606 est;
695 1523 832 1587 fortasse
855 1524 906 1585 hic
930 1531 999 1587 erat
1023 1542 1095 1584 mos
1115 1520 1153 1584 cI.
1172 1522 1190 1583 i.
1210 1540 1240 1583 n.
1255 1520 1346 1582 LVI.

277 1628 313 1691 ld
337 1626 501 1692 Gilbertus
525 1630 553 1692 ll
578 1646 639 1710 393
666 1640 699 1692 et
721 1630 885 1694 Busoltius
908 1650 939 1713 p.
969 1643 1006 1709 53
1032 1632 1059 1712 ᾗ.
1077 1643 1114 1710 57
1140 1628 1234 1711 primi
1250 1636 1344 1690 recte

277 1737 493 1801 observavere
522 1738 664 1801 rixantes
695 1746 771 1801 ante
798 1737 952 1801 indiciam
976 1737 1138 1800 interdum
1161 1755 1197 1797 se
1219 1734 1342 1796 iudicio

276 1844 488 1907 obsecuturos
526 1865 597 1909 esse
631 1845 819 1927 promisisse
842 1845 895 1927 (cs.
927 1866 955 1908 n.
984 1844 1071 1929 LIV)
1095 1852 1127 1907 et
1161 1862 1202 1906 eo
1237 1862 1342 1922 usque

275 1952 482 2032 processisse,
515 1961 550 2015 ut
572 1971 714 2034 poenam
744 1952 977 2016 constituerent
1011 1950 1199 2032 negligenti,
1235 1949 1280 2010 ita
1311 1970 1342 2011 n.

274 2058 382 2121 XXXI
406 2060 519 2123 decem
535 2060 655 2123 talenta
670 2060 794 2141 argenti
811 2059 1030 2123 Alexandrini.
1076 2058 1141 2123 Ubi
1164 2056 1341 2119 adversarii

275 2186 310 2227 se
335 2184 399 2229 non
424 2167 627 2231 contulerunt
649 2167 691 2231 ad
714 2166 873 2249 populum
897 2167 1046 2240 electum,
1071 2165 1124 2228 hic
1147 2164 1234 2226 misit
1256 2164 1341 2226 arbi·

277 2281 345 2335 tros
368 2274 410 2336 ad
433 2294 500 2347 eos,
525 2294 663 2355 quorum
685 2294 839 2338 numerus
861 2274 1009 2338 diversus
1029 2281 1095 2347 est;
1120 2280 1236 2353 quater
1252 2271 1340 2333 inve·

277 2379 362 2442 nitur
385 2401 468 2443 unus
491 2380 626 2460 legatus,
651 2382 718 2446 duo
742 2382 803 2454 bis,
827 2382 971 2462 quinque
994 2382 1055 2455 bis,
1080 2400 1138 2442 sex
1159 2387 1216 2443 aut
1231 2378 1342 2459 plures

276 2487 385 2558 semel,
422 2487 564 2551 sedecim
599 2489 708 2563 semel,
749 2497 880 2552 centurn
912 2498 945 2552 et
983 2486 1219 2571 quInquagiuta
1257 2504 1344 2547 unus

275 2593 479 2659 semel-cur
502 2616 568 2658 non
592 2605 721 2659 centum
747 2605 780 2658 et
802 2597 1039 2679 quinquaginta
1072 2594 1161 2657 missi
1196 2593 1268 2666 sint,
1308 2592 1341 2653 in

277 2703 452 2782 propatulo
475 2712 532 2765 est
579 2703 688 2766 Multis
710 2703 791 2765 locis
806 2703 991 2786 complures
1007 2704 1166 2765 iudicasse
1183 2700 1340 2761 censendi

275 2818 360 2883 sunt,
380 2830 532 2874 numerus
548 2818 656 2873 autern
672 2820 780 2874 certus
796 2813 863 2874 erui
879 2813 999 2893 nequit.
1045 2810 1130 2873 Cum
1153 2807 1341 2890 complures

275 2917 421 2979 civitates
452 2937 514 2979 una
542 2935 600 2996 per
628 2917 755 2998 legatos
782 2920 960 2982 sententias
989 2919 1161 2981 ediderunt
1185 2935 1339 2979 numerus
1433 2909 1434 2912 '

275 3024 457 3104 legatorum
480 3024 522 3086 ab
547 3044 740 3107 unaquaque
763 3026 894 3089 civitate
916 3027 1087 3089 missorum
1100 3025 1247 3088 diversus
1264 3022 1341 3096 tuin

275 3151 349 3193 narn
375 3132 433 3193 etsi
458 3151 486 3193 n.
513 3131 617 3193 XXIII
647 3152 688 3194 ex
717 3152 911 3213 unaquaque
938 3134 1067 3196 civitate
1094 3153 1177 3196 unus
1210 3130 1341 3192 videtur

275 3238 391 3301 missus
416 3258 495 3312 csse,
519 3247 628 3301 tamen
653 3258 682 3306 n.
696 3240 848 3303 XXXIV
871 3242 914 3304 ab
938 3261 1002 3303 una
1024 3241 1167 3322 quinque
1184 3237 1340 3319 ablegan-
1432 3249 1433 3252 ’

275 3355 337 3418 tur,
361 3346 403 3408 ab
419 3344 520 3408 altera
537 3365 619 3409 unus
634 3355 690 3411 aut
705 3348 822 3427 plures.
847 3347 972 3410 Arbitri
988 3348 1108 3411 virtute
1124 3344 1339 3409 excellebant.
1431 3405 1432 3410 ,

275 3452 457 3515 Adiunctus
481 3453 518 3515 iis
540 3462 590 3516 est
613 3474 664 3519 nn.
689 3454 796 3518 XXIII
823 3464 857 3518 et
885 3454 1053 3518 XXXVIII
1088 3454 1192 3516 scriba
1219 3451 1264 3514 ab
1301 3472 1341 3513 ea
1431 3441 1432 3444 ¹

274 3559 405 3621 civitate
429 3578 512 3639 quae
534 3569 626 3625 orata
649 3572 735 3642 erat3
758 3532 937 3644 quod'tam
962 3582 1034 3624 raro
1058 3582 1133 3625 eum
1158 3559 1339 3622 Invenimus
1431 3573 1432 3594 ³

276 3674 363 3729 certe
387 3667 463 3729 inde
486 3667 672 3749 explicatur,
697 3670 787 3751 quod
810 3689 910 3749 saepe
932 3671 1105 3733 adversarii
1117 3688 1191 3731 eum
1214 3686 1258 3727 ex
1273 3665 1340 3727 suis
1430 3721 1431 3746 ,

274 3772 399 3835 civibus
422 3775 526 3837 sortiti
549 3785 633 3838 sunt.
680 3774 779 3856 Quod
803 3797 832 3838 n.
856 3776 962 3839 XXIII
984 3778 1091 3840 scriba
1118 3785 1168 3840 est
1198 3774 1263 3838 alia
1295 3793 1338 3835 ex
1430 3761 1431 3766 ἵ

274 3879 352 3967 urbe
362 3888 459 3962 atque
469 3882 681 3955 ludices,meo
695 3882 763 3944 iure
775 3883 850 3946 inde
862 3884 1009 3946 derivare
1020 3885 1098 3947 mihi
1111 3884 1232 3955 videor,
1247 3879 1337 3962 quod

272 3986 312 4052 τὸ
338 3986 452 4052 κοινὸν
480 3984 634 4066 Εὐβοέων
663 3998 790 4053 oratum
815 4000 891 4064 erat,
922 4000 958 4053 ut
986 3992 1109 4055 iudIces
1138 4000 1171 4054 et
1192 3991 1336 4053 scribam

273 4094 373 4159 daret.
431 4094 466 4158 Si
505 4116 524 4157 a
566 4096 787 4181 compluribus
825 4097 1008 4163 civitatibus
1041 4100 1165 4163 iudices
1198 4098 1336 4179 expetiti
