2900 4559
670 247 885 318 1-1Βώ

246 444 467 523 Cretensibus,
504 450 647 513 defertur
681 450 723 513 ad
760 469 817 511 eos
848 447 1014 511 arbitrium
1044 466 1086 510 ex
1115 448 1314 527 litigantium

248 556 424 620 voluntate.

354 664 500 727 XXVIII.
527 662 606 725 Bull.
630 662 684 727 VI.
708 682 742 741 p.
761 664 935 742 356-—387
953 663 983 726 Α
1001 671 1033 723 et
1048 664 1080 725 B
1100 662 1153 727 ed.
1166 658 1315 723 Latiche-

248 772 335 833 wius.
382 771 607 833 Melitaeenses
630 778 663 831 et
686 768 936 832 Narthacienscs
965 769 1054 831 litem
1083 778 1314 830 contraxerant

251 879 293 939 de
325 896 405 957 agro
435 876 567 957 publico
592 885 624 938 et
647 876 721 939 loco
745 884 848 949 vast0,
874 875 915 936 de
940 875 1060 956 quibus
1085 876 1149 937 iam
1186 876 1318 954 saepius

249 983 458 1045 diiudicatum
493 992 569 1045 erat.
615 981 755 1045 Omissis
794 981 914 1055 Medio,
950 980 1123 1053 Thessalis
1161 981 1313 1044 Macedo·

249 1089 344 1155 nibus
367 1089 527 1152 iudicibus
552 1090 652 1151 varias
676 1108 790 1151 causas
814 1107 978 1151 enarrem:

360 1212 384 1261 1.
410 1194 625 1275 Flaminius¹³l
664 1194 844 1276 decemque
883 1194 981 1274 legati
1020 1193 1176 1257 dederant
1209 1212 1310 1273 agros

247 1302 544 1365 Narthaciensibus.
570 1301 735 1383 Tempore
759 1320 861 1380 parvo
884 1301 1053 1363 interiecto

360 1424 388 1472 2.
412 1418 543 1476 senatus
566 1409 733 1470 Romanus
746 1407 787 1469 de
800 1408 846 1470 eis
857 1406 1010 1470 iudicium
1023 1406 1167 1469 ediderat
1177 1407 1313 1469 Nartha-

248 1515 408 1576 ciensibus
425 1513 611 1579 iucundum.
659 1514 784 1576 Auctor
799 1512 924 1577 nescire
947 1532 983 1573 se
1006 1512 1133 1585 fatetur,
1148 1514 1227 1593 quid
1250 1515 1313 1576 sibi

248 1608 324 1682 veli't
347 1630 479 1684 senatus
503 1620 685 1684 consultum
702 1630 736 1683 et
751 1640 782 1701 p.
804 1634 868 1698 379
903 1619 957 1681 »le
981 1620 1071 1692 tait,
1097 1620 1209 1702 inquit,
1235 1639 1312 1700 que

248 1726 304 1788 les
327 1736 581 1790 contestants
604 1726 904 1809 s'adresserent
926 1724 945 1786 a
969 1726 1213 1805 l'arbitrage
1241 1729 1313 1788 des

248 1832 365 1895 villes
399 1853 597 1914 grecques
633 1842 752 1895 avant
785 1832 1008 1912 d¹exposer
1048 1832 1132 1893 leur
1170 1830 1312 1894 affaire

246 1959 292 2001 au
325 1939 443 2001 senat
473 1960 518 2001 ne
542 1958 648 2001 nous
672 1949 828 2021 permet
852 1958 923 2020 pas
948 1938 1188 2001 d'admettre
1211 1937 1313 2019 qu'il

248 2044 424 2126 s'agisse
463 2046 513 2107 ici
553 2046 643 2107 d'un
678 2054 791 2107 autre
827 2043 860 2112 S.
885 2043 919 2108 C.
952 2045 1091 2107 e‘dicte
1130 2044 1311 2125 quelque

249 2160 373 2233 temps
396 2171 519 2233 apres
540 2152 629 2231 196.‹
656 2152 731 2214 Hoc
747 2171 812 2213 non
836 2136 980 2233 intelligo
995 2153 1040 2213 ob
1058 2172 1087 2214 n.
1111 2169 1134 2212 1.
1161 2151 1311 2233 Suppleo

250 2259 348 2339 igitur
376 2259 408 2320 B
441 2278 468 2320 v.
511 2275 548 2335 14
583 2259 666 2343 κ[αὶ]
702 2256 826 2341 aldina.
884 2257 1044 2320 Videntur
1078 2258 1176 2321 etiam
1214 2260 1315 2320 verba

253 2368 284 2427 B
303 2384 331 2425 v.
352 2361 393 2426 28
417 2356 477 2427 ὅσα
501 2363 672 2447 κεκριμένα
695 2363 783 2429 ἐστὶν
806 2383 877 2446 sqq.
901 2362 1082 2445 significare
1105 2374 1180 2445 post
1203 2364 1320 2427 Flami-

251 2471 337 2532 nium
363 2471 425 2533 iam
450 2473 579 2555 saepius
609 2472 649 2533 de
680 2472 719 2533 iis
748 2472 845 2534 rebus
874 2472 1074 2533 diiuticatum
1098 2490 1177 2533 esse.
1224 2459 1310 2534 Item

249 2586 405 2640 steterant
428 2597 448 2639 a
470 2572 758 2639 Narthaciensibus

358 2700 387 2763 3.
411 2684 520 2757 Samii,
546 2682 751 2769 Colophonii,
780 2684 950 2763 Magnetes
982 2685 1077 2747 tertio
1106 2704 1191 2746 anno
1226 2695 1317 2748 ante-

248 2808 346 2869 quarn

355 2915 386 2974 4.
412 2904 542 2958 senatus
572 2896 781 2976 Romanus¹⁴l
811 2897 927 2959 iterum
963 2905 1074 2961 nostra
1107 2898 1318 2980 inscriptione

250 3004 443 3066 sententiam
482 3002 519 3063 iis
557 3010 777 3084 opportunam
824 3003 886 3065 sert
930 3004 1108 3066 secundum
1155 3004 1316 3068 editorem

249 3111 332 3172 inter
361 3122 422 3188 150
445 3112 478 3172 et
504 3110 575 3186 146.

360 3356 388 3427 ¹³)
408 3359 506 3423 Quodsi
525 3367 628 3425 uterque
646 3360 757 3427 populus
782 3377 825 3411 eos
849 3377 922 3426 agros
949 3361 1120 3427 possidentem
1140 3364 1315 3415 Romanorum

249 3449 357 3499 amicum
378 3448 471 3498 sactum
491 3465 517 3498 se
536 3464 590 3499 esse
608 3449 805 3514 contendit,ego
826 3452 937 3515 suspicor
951 3448 1126 3501 Melitaeenses
1143 3454 1268 3519 cogitasse
1281 3455 1316 3505 de

249 3553 316 3587 anno
338 3538 396 3600 196,
415 3538 458 3586 ubi
471 3553 559 3587 ornnes
572 3538 661 3587 Graeci
680 3537 794 3587 libertate
806 3538 894 3588 donati
907 3547 972 3602 sunt,
991 3540 1039 3604 ipsi
1053 3548 1137 3591 autern
1151 3558 1223 3606 agros
1235 3545 1313 3595 etiam

245 3625 375 3675 habebant
396 3654 426 3663 -
447 3643 505 3675 nam
532 3634 619 3693 postea
648 3626 752 3676 demum
771 3626 909 3677 Flaminius
936 3644 975 3677 res
993 3628 1129 3679 Thessalas
1153 3632 1179 3680 in
1197 3631 1314 3683 ordinem

248 3714 344 3778 redegit
355 3741 399 3776 -‚
414 3715 605 3765 Nartbacienses
623 3723 709 3765 contra
729 3716 761 3764 de
773 3723 839 3767 statu
853 3717 919 3767 iacto
928 3734 945 3767 a
958 3718 1085 3767 Flaminio
1096 3720 1128 3772 ci.
1143 3721 1197 3771 Liv.
1212 3733 1255 3783 34,
1267 3723 1313 3782 48.

360 3799 387 3869 ¹⁴)
406 3803 507 3853 Ceteras
526 3819 620 3866 causas,
640 3820 703 3869 quas
728 3806 838 3855 Romani
857 3815 913 3870 post
941 3806 989 3867 196
1015 3807 1041 3854 in
1060 3806 1165 3859 Graecia
1190 3810 1313 3861 diiudica-

249 3898 344 3951 verunt,
363 3906 414 3940 non
433 3899 546 3957 tangam,
565 3894 623 3957 quia
646 3909 697 3944 non
722 3902 775 3942 tam
799 3895 902 3945 arbitrio
925 3912 1002 3959 quam
1028 3898 1139 3960 potentia
1164 3898 1315 3951 deciderunt

247 3994 329 4044 neque
344 3987 450 4045 uterque
467 3980 567 4045 litigans
586 3981 630 4031 sed
644 3998 707 4032 unus
720 3997 764 4033 eos
776 3982 847 4041 adiit,
875 3984 939 4034 Sunt
954 3984 1046 4034 indicia
1059 3986 1090 4033 de
1104 3988 1315 4041 Lacedaemoniis

246 4076 272 4121 et
290 4068 479 4137 Megalopolitis
500 4069 549 4131 164
570 4066 673 4139 (Polyb,
688 4084 730 4135 31.
743 4086 768 4135 9,
790 4082 813 4136 7,
832 4046 910 4133 Palis,
934 4077 1117 4142 7,11,1-3),
1136 4076 1169 4127 tle
1186 4077 1316 4131 Lacedae-
