2900 4559
562 238 783 299 ...59-

144 432 290 495 colendis
319 431 379 495 sibi
412 453 431 494 a
462 432 610 495 debitore
640 431 821 495 voluntario
860 430 979 513 aliquid
1017 449 1207 493 concessum

144 558 218 603 esse
243 540 393 615 declarat,
419 539 548 603 debitor
569 549 679 603 autem
703 559 739 603 se
762 546 912 601 coactum
945 557 1015 603 esse
1038 546 1149 600 censet
1172 546 1208 601 ut

142 647 347 720 concederet,
372 666 403 712 v.
420 664 465 725 94
480 667 551 728 sqq.
567 647 606 725 ³²)
622 647 648 710 si
665 646 830 709 debitores
845 644 932 707 bello
955 654 1028 707 orto
1051 643 1204 724 fugerunt

143 753 384 835 creditoresque
412 772 511 833 agros
542 773 653 817 eorum
677 752 853 817 coluerunt
873 752 943 815 suis
964 752 1148 833 sumptibus
1171 759 1204 812 et

143 858 273 923 debitor
307 878 404 940 agros
437 860 499 923 sibi
530 848 630 923 'reddi
661 859 751 940 cupit
779 876 883 940 neque
913 867 1023 923 tamen
1056 867 1205 939 sumptus

145 966 297 1029 creditori
320 966 423 1031 factos
446 968 632 1049 expendere
647 966 724 1041 vult,
747 967 823 1049 quia
845 986 865 1028 a
887 966 1046 1030 creditore
1070 965 1206 1029 nimium

126 1074 247 1153 posci.
263 1082 418 1136 autumat.
463 1075 659 1138 Existimant
693 1074 833 1139 editores
861 1093 977 1137 omnes
1004 1072 1134 1139 titulum
1157 1090 1204 1132 ca.

145 1182 185 1257 83
222 1200 252 1243 a.
288 1179 361 1243 Chr.
389 1179 511 1244 facturn
550 1200 620 1245 esse
659 1190 692 1244 et
730 1180 904 1243 cohaerere
950 1198 1027 1242 cum
1071 1178 1119 1241 Le
1142 1178 1206 1241 Bas

144 1288 188 1349 ΙΙΙ
227 1276 289 1365 136
322 1308 344 1349 o
365 1316 409 1345 =
431 1288 512 1351 Ditt.
550 1302 624 1368 253.
672 1287 740 1353 Sed
774 1307 825 1349 res
859 1286 891 1349 in
926 1286 1061 1352 dubium
1096 1284 1205 1349 vocari

145 1394 254 1457 debet.
302 1392 390 1457 Sane
422 1394 560 1475 legimus
590 1394 673 1458 Ditt.
701 1412 721 1457 2
728 1406 766 1474 53
791 1414 843 1455 vu.
868 1393 997 1471 36-,42
1029 1393 1163 1472 eosqui
1187 1412 1207 1452 a

143 1500 292 1581 collegiis
326 1480 533 1564 sacerdotum
567 1512 623 1565 aut
657 1502 904 1583 magistratuum
935 1499 1055 1581 aliquid
1090 1506 1204 1561 mutuo

141 1608 349 1690 accepissent
374 1608 410 1671 'id
433 1607 519 1671 bello
542 1608 692 1672 consecto
722 1608 857 1673 reddere
889 1606 1010 1690 iuberi3
1043 1606 1101 1668 sed
1124 1605 1206 1668 Ditt.

141 1732 210 1795 344
228 1714 271 1777 de
282 1714 405 1778 vtalibus
427 1734 492 1777 non
507 1716 594 1797 agit,
620 1716 720 1779 immo
744 1715 785 1778 de
808 1714 959 1777 omnibus
982 1712 1204 1783 creditoribus,

142 1842 221 1882 curn
244 1822 324 1885 Ditt.
353 1834 416 1902 253
442 1843 469 1884 v.
493 1838 579 1903 49*
586 1835 622 1903 55
649 1822 765 1885 ceteris
789 1821 993 1886 debitoribus
1016 1819 1128 1884 debita
1151 1818 1205 1880 do·

142 1937 271 1990 nentur.
324 1928 399 1991 Non
438 1929 535 2009 igitur
573 1938 759 2009 congruunt
795 1932 877 1994 inter
911 1948 947 1991 se
984 1927 1068 1994 tituli
1107 1926 1204 1989 citati.

140 2034 287 2097 Accedit
307 2036 398 2117 quod
425 2035 506 2097 Ditt.
531 2048 593 2115 253
622 2035 721 2099 verba
751 2036 956 2101 inveniuntur
986 2033 1148 2097 rarissima
1171 2040 1206 2095 ut

141 2162 175 2203 v.
201 2157 240 2219 41
267 2142 530 2227 πολιτογραφέω,
553 2164 582 2208 ν.
611 2156 649 2223 52
674 2152 707 2206 et
734 2146 773 2221 58
796 2139 955 2227 damme,
984 2162 1014 2203 v.
1042 2141 1083 2219 56
1106 2148 1139 2203 et
1165 2151 1205 2217 59

137 2249 329 2330 θεματίζω,;
357 2268 455 2329 porro
484 2250 566 2313 Ditt.
598 2266 616 2312 2
622 2263 661 2330 55
693 2272 723 2313 v.
748 2255 824 2331 2412
831 2263 845 2330 5
879 2248 997 2329 legitur
1027 2247 1202 2319 πολεῖταις,

253 2478 286 2548 ⁸²)
305 2481 482 2533 'lbalheimius
501 2498 544 2531 eos
562 2483 663 2545 iudices,
677 2462 731 2549 'qui
748 2500 787 2533 vv.
813 2493 897 2543 1-17
921 2486 1155 2538 commemorantur,
1179 2485 1204 2526 et

141 2573 213 2636 ipsos
240 2572 383 2637 peregrinos
412 2570 487 2621 fuisse
515 2578 594 2637 putat,
623 2573 667 2621 sed
693 2573 783 2623 iniuria
806 2572 850 2623 ille
873 2572 984 2636 quidem.
1021 2569 1114 2617 Versus
1140 2567 1204 2616 baec
1285 2556 1289 2566 ’

141 2661 288 2712 continent:
309 2659 434 2715 iudicibus
452 2660 533 2722 licent,
552 2660 614 2727 ipsis
632 2662 773 2724 decernere,
791 2672 874 2712 utrum
892 2660 1020 2726 litigantes
1042 2663 1107 2706 recte
1132 2654 1204 2704 aesti-

141 2749 236 2798 marint
255 2765 286 2799 an
305 2749 375 2798 nimii
394 2756 437 2798 aut
455 2764 542 2813 parum
562 2751 656 2820 magni,
683 2751 743 2800 item
762 2754 782 2801 si
801 2750 935 2802 adversarii
958 2749 990 2798 de
1013 2746 1120 2813 pecunia
1145 2744 1202 2793 data
1261 2770 1266 2777 -

137 2838 240 2902 litigant
267 2853 325 2887 cum
357 2853 430 2902 agros
448 2845 513 2887 recte
532 2838 675 2889 aestimatos
700 2856 754 2890 esse
780 2840 921 2891 concedant
945 2846 969 2888 et
993 2836 1109 2898 vicissim,
1134 2840 1159 2884 et
1183 2836 1204 2883 si

139 2926 198 2990 quis
224 2932 356 2976 contentus
380 2942 432 2975 non
454 2934 492 2976 est
517 2928 651 2993 partitione
676 2935 763 2994 postea
787 2931 820 2979 ab
843 2928 991 2978 hominibus
1013 2926 1046 2976 ad
1073 2926 1100 2975 id
1118 2924 1204 2975 electis
1281 2940 1284 2950 ·

139 3016 211 3065 fucta
228 3022 253 3064 et
271 3015 337 3065 banc
357 3030 409 3065 rem
428 3022 533 3079 questus
548 3023 586 3066 est
604 3018 672 3082 apud
691 3018 833 3083 praera'dem
852 3018 990 3077 tribunalis,
1014 3016 1110 3067 indices
1135 3014 1203 3064 banc

140 3120 194 3153 rem
213 3104 351 3155 discernere
371 3104 495 3156 iubentur.
531 3106 610 3169 Atqui
627 3119 650 3159 v.
672 3106 703 3167 78
721 3122 767 3157 eae
786 3098 878 3160 caisae
902 3122 967 3171 quae
991 3113 1062 3158 ortae
1087 3111 1146 3155 suut
1171 3104 1203 3153 de

142 3193 211 3259 agris
229 3194 280 3243 iam
298 3200 356 3242 ante
374 3192 469 3243 bellum
489 3194 617 3259 occupatis
635 3196 773 3248 secundum
785 3195 856 3260 leges
875 3193 957 3243 decidi
973 3194 1097 3243 iubentur.
1128 3192 1205 3241 Com·

143 3282 289 3349 plectuntur
306 3282 356 3331 hae
373 3296 464 3331 causae
482 3282 557 3332 etiam
577 3298 626 3343 ens,
647 3299 712 3347 quae
730 3285 836 3333 subsunt
854 3300 893 3333 vv.
915 3292 999 3343 1-17
1019 3282 1079 3345 quia
1090 3288 1204 3347 spectant

139 3370 173 3421 ad
196 3378 295 3436 tempus
312 3369 382 3419 bello
401 3371 558 3421 antecedens.
595 3371 663 3437 Ergo
682 3374 770 3422 erravit
786 3368 969 3421 Thalbeimius.
1008 3372 1102 3420 Contra
1115 3386 1203 3420 omnes

141 3475 242 3521 causae,
261 3474 325 3524 quae
344 3458 377 3508 ad
389 3465 487 3523 tempus
499 3460 560 3509 belli
574 3460 636 3525 gesti
649 3460 793 3511 referendae
807 3469 872 3522 sunt,
891 3461 1052 3510 instruendae
1069 3467 1128 3509 sunt
1145 3469 1203 3507 ante

137 3548 252 3602 tribunal
262 3547 429 3615 peregrinum.
465 3549 500 3597 Ar
511 3565 549 3601 vv.
565 3558 578 3613 5
582 3561 597 3611 3
611 3565 666 3615 sqq.
679 3562 780 3616 quoque
792 3557 905 3622 spectant
917 3564 947 3600 ex
965 3557 1036 3614 parte
1053 3548 1087 3599 ad
1104 3556 1205 3612 tempus

139 3653 191 3701 quo
209 3654 261 3702 pax
284 3644 350 3707 erst3
379 3643 458 3697 recte;
487 3637 531 3687 sed
554 3639 616 3687 baec
640 3640 755 3705 quaestio
778 3646 836 3688 aute
854 3638 949 3689 bellurn
968 3640 1025 3690 oriri
1043 3654 1094 3687 non
1113 3638 1202 3702 potuit,

139 3726 223 3791 potuit
235 3732 287 3775 tum
302 3726 403 3775 demum
417 3742 473 3776 uum
485 3727 581 3776 bellum
594 3728 645 3777 iarn
657 3728 792 3778 conflatum
806 3735 878 3779 esset.
911 3727 983 3789 Quae
992 3734 1076 3777 autem
1089 3734 1203 3791 spectant

138 3814 171 3863 ad
180 3813 276 3864 bellum
288 3816 378 3881 ipsum,
388 3815 498 3864 iudicum
512 3823 667 3866 externorum
681 3824 739 3866 sunt
748 3818 779 3867 cf.
793 3834 831 3870 vv.
845 3816 879 3879 84
898 3833 953 3882 sqq.
962 3828 994 3879 97
1002 3806 1057 3882 sqq.
1070 3816 1203 3865 Praeterea

138 3909 205 3952 certe
218 3911 425 3968 exspectaremus,
446 3904 466 3952 si
479 3904 556 3953 modo
566 3903 660 3955 iudices
678 3914 749 3955 erant
760 3922 843 3956 revera
855 3906 986 3972 peregrini,
1005 3913 1058 3955 tum
1069 3905 1147 3955 semel
1159 3912 1203 3955 aut

137 3992 177 4043 bis
196 4006 243 4041 uos
260 3991 367 4048 lecturos
384 4008 438 4043 esse
457 3994 579 4045 δικασταὶ
593 3994 644 4047 ἀπὸ
658 3996 736 4061 ξένης
753 4003 796 4047 aut
815 3997 916 4057 ξενικὸν
937 3996 1115 4061 δικαστήριον,
1134 3994 1203 4071 quod

140 4099 191 4135 uon
228 4082 343 4154 legimus.
499 4130 501 4139 ,
