2900 4559
481 288 583 331 '-·2
629 278 669 341 27
716 297 780 329 -’.,

115 483 203 553 pont.
230 491 317 539 max.
342 472 383 535 ad
405 472 566 555 Ephesios
591 482 624 537 et
640 472 817 537 Sardianos
841 472 936 539 datae
960 473 1067 535 eidem
1082 472 1183 557 lapidi

114 582 235 644 incisae
268 588 352 653 sunt,
388 579 520 661 colligas
554 580 722 645 Romanos
754 581 879 661 aliquas
906 591 1015 662 partes
1052 582 1084 643 in
1119 582 1183 646 hoc

115 697 215 771 pacto
240 688 354 767 egisse.
401 686 468 749 Sed
492 686 595 751 fateor
616 707 670 755 me
695 688 801 749 mirari
824 688 890 752 tale
904 697 1047 769 pactum.
1093 690 1182 769 Quid

116 794 327 858 emolumenti
350 792 551 873 litigantibus
574 794 649 857 inde
665 793 766 867 fieret,
784 794 874 873 quod
890 795 1096 873 Pergamenis
1113 816 1182 858 rem

116 902 309 963 mandarent
331 920 397 961 non
420 900 664 965 diiudicandam
694 902 753 965 sed
788 902 842 980 qui
871 902 993 965 iudices
1028 911 1201 966 externos-

114 1007 293 1087 eligerent?
316 1005 400 1069 Infra
423 1008 610 1085 exemplum
635 1016 767 1089 praesto
790 1016 840 1071 est
866 1008 905 1088 (n.
930 1008 1032 1091 LXII)
1056 1009 1180 1071 docens

117 1114 324 1195 Mytilenaeis
348 1112 511 1177 iudicandi
534 1101 599 1177 vim
633 1114 744 1180 datam
773 1134 846 1178 esse
875 1114 907 1175 in
939 1123 1109 1196 posterum
1138 1116 1181 1179 de

116 1222 206 1285 Teiis
229 1230 263 1284 et
285 1218 439 1283 Lebediis
469 1220 499 1283 in
533 1240 629 1286 unam
662 1220 827 1285 civitatem
856 1221 1046 1285 coniunctis.
1095 1222 1179 1285 Enu-

115 1328 311 1393 meravimus
328 1334 424 1405 pacta
440 1327 559 1407 quibus
575 1328 795 1392 controversia
811 1336 885 1390 orta
900 1328 1029 1391 iubetur
1044 1329 1181 1391 discerni

115 1435 213 1497 tertia
230 1434 371 1507 civitate,
390 1434 590 1497 inveniemus
606 1434 729 1497 similia
738 1436 780 1497 de
796 1435 893 1498 rebus
904 1434 1038 1516 privatis
1050 1434 1181 1499 foedera

116 1562 169 1603 nn.
194 1540 428 1605 LVI-LVIII.
474 1540 580 1621 Quid?
604 1562 712 1605 nonne
735 1540 864 1606 titulum
879 1549 1052 1605 tractatum
1076 1542 1181 1605 simile

119 1648 240 1727 aliquid
287 1647 453 1709 continere
499 1648 686 1711 credamus?
738 1648 973 1727 Pergamumne
1020 1645 1178 1734 ἔκκλητος

116 1753 215 1828 πόλις
239 1753 326 1817 facta
349 1762 398 1817 est
422 1754 453 1815 in
477 1761 607 1833 tempus
631 1753 793 1821 futurum?
818 1752 904 1816 Sane
927 1754 1036 1819 audax
1051 1765 1102 1819 est
1118 1755 1181 1819 hoc

117 1860 286 1940 suspicari,
311 1860 369 1923 sed
393 1862 540 1939 suspicor
555 1861 599 1923 ob
616 1862 767 1941 exempla
784 1861 907 1925 similia.
944 1862 1053 1926 Doleo
1069 1863 1181 1944 itaque

115 1968 260 2031 maxime
283 1986 336 2029 me
359 1966 489 2029 titulum
518 1968 625 2049 ipsum
657 1989 722 2033 non
750 1969 878 2042 vidisse,
909 1989 1008 2051 quem
1037 1969 1064 2031 si
1094 1979 1182 2033 recte

114 2076 195 2155 legit
219 2073 406 2138 Frankelius
430 2092 480 2135 res
504 2074 646 2139 maxime
670 2076 823 2139 mirabilis
846 2085 896 2142 est
918 2076 1057 2141 detecta.

223 2180 380 2243 Pervenio
411 2181 454 2244 ad
487 2180 638 2260 exempla
667 2204 685 2243 a
715 2182 792 2245 viris
828 2182 933 2245 doctis
967 2183 1083 2247 iniuria
1117 2183 1181 2245 huc

117 2289 229 2353 relata.

226 2390 265 2457 α’.
290 2394 382 2459 Paus.
408 2393 439 2456 V
468 2394 515 2469 16,
546 2408 573 2471 5.

224 2493 264 2579 β’,
287 2500 382 2562 Pane.
410 2500 453 2561 Vl
483 2514 529 2580 15,
557 2517 585 2562 2.

225 2603 263 2689 γ’.
288 2607 378 2669 Paus.
402 2607 449 2669 VI
478 2608 525 2680 16,
553 2610 571 2669 8
588 2596 742 2671 aMeiero
758 2630 789 2690 p.
805 2624 850 2687 44
866 2618 1076 2673 enumeratos
1092 2609 1183 2671 locos

116 2716 181 2778 iarn
211 2713 348 2777 refutavi
377 2735 408 2795 p.
439 2730 474 2793 13
500 2714 572 2777 adn.
601 2732 631 2793 9r
683 2715 809 2778 Eadem
837 2716 1048 2780 annotatione
1089 2718 1182 2778 reieci

224 2813 261 2884 δ’.
293 2819 432 2883 Causam
472 2818 656 2885 Samiorum
696 2831 729 2886 et
762 2822 980 2885 Prienensium
1017 2843 1038 2885 a
1068 2822 1183 2887 Biante

116 2936 278 2991 exactam.

225 3025 259 3096 ε’.
285 3031 362 3094 Hdt.
388 3034 448 3095 Vll
478 3047 538 3113 154
561 3034 661 3098 Meier
690 3055 745 3117 pp.
768 3052 808 3113 41
845 3043 878 3100 et
906 3054 951 3113 44
981 3034 1044 3098 huc
1076 3036 1182 3101 refert.

117 3142 338 3223 Hippocrates
362 3137 483 3201 Gelous
508 3148 541 3203 et
564 3138 760 3221 Syracusani
784 3161 870 3207 anno
894 3158 960 3221 492
977 3143 1120 3205 rixantes
1140 3144 1181 3205 de

118 3247 290 3311 Camarina
314 3266 334 3307 a
357 3244 531 3309 Corinthiis
555 3256 588 3309 et
612 3246 802 3327 Corcyraeis
826 3269 865 3312 ea
889 3250 1081 3311 condicione
1104 3270 1178 3312 con·

117 3356 214 3418 ciliati
238 3360 321 3425 sunt,
347 3360 382 3413 ut
405 3350 577 3415 Camarina
600 3352 690 3417 fieret
714 3354 931 3437 Hippocratis
977 3356 1023 3421 Ut
1051 3377 1093 3421 ex
1118 3358 1180 3419 He·

118 3462 237 3525 rodoto
268 3467 415 3540 apparet,
445 3457 603 3523 Corinthii
630 3472 664 3523 et
692 3460 865 3543 Corcyraei
889 3480 954 3527 non
988 3464 1182 3528 arbitrorum

118 3587 252 3630 munere
274 3566 373 3629 functi
396 3574 471 3627 sunt
493 3566 562 3640 sed,
586 3587 660 3630 cum
677 3568 895 3650 Hippocrates
922 3578 1050 3633 ceteros
1072 3572 1128 3651 qui
1151 3572 1181 3633 ei

8 3660 10 3687 ²
118 3674 294 3737 obstabant
326 3672 389 3735 iam
414 3671 593 3746 devicisset,
619 3675 870 3739 intercesserunt
893 3694 953 3756 pro
970 3675 1180 3757 Syracusanis

118 3790 151 3843 et
174 3781 387 3843 defenderunt
412 3778 454 3841 ab
478 3778 515 3840 iis
538 3781 726 3845 servitutem
747 3781 919 3847 Camarina
940 3784 1066 3844 amissa.

228 3879 270 3971 ς’.
296 3887 344 3949 l's.
376 3888 453 3951 Plut.
484 3910 534 3969 ap.
572 3888 691 3951 Lacon.
727 3889 827 3967 230D
859 3888 959 3951 tradit
988 3890 1180 3953 Pausaniam

119 3992 319 4056 Cleombroti
343 3992 441 4057 filium
467 3995 507 4057 de
532 3996 645 4058 eadem
671 4016 704 4057 re
734 3995 923 4059 discrevisse
951 3996 993 4057 de
1022 4016 1086 4077 qua
1113 3997 1182 4077 agit

116 4119 147 4161 n.
172 4100 247 4176 Xll;
272 4100 331 4163 sed
356 4099 538 4164 Boeckhius
562 4102 661 4165 Abh.
689 4103 717 4163 d.
739 4102 828 4182 Kgl.
846 4102 915 4166 At.
933 4103 963 4167 d.
983 4102 1031 4166 W.
1049 4104 1182 4179 Berlin
