2900 4559
567 282 789 345 435-

145 481 375 545 iudicaverunt.
413 481 509 562 Nego
526 481 610 543 emm
630 480 712 541 inter
735 490 844 560 partes
867 477 1013 559 opusculi
1037 474 1208 539 discrimen

144 588 331 651 faciendum
357 609 427 651 esse
451 588 562 671 quales
585 589 702 651 fuerint
726 608 844 651 causae
859 588 917 651 sed
941 586 1012 669 quis
1028 586 1069 647 sit
1084 584 1208 647 honore

144 697 306 759 iudicandi
334 697 450 779 dignus
482 696 677 759 aestimatus.
723 696 819 758 Errat
841 696 937 777 Igitur
959 694 1007 756 Le
1030 694 1093 754 Bas
1116 693 1208 755 inscr.

146 802 216 865 cah.
234 804 266 866 V
282 825 314 886 p.
332 800 370 884 7'3
389 824 460 885 sqq.
473 824 546 865 cum
571 804 650 866 dicit
676 804 916 885 ›linscrtption
938 804 979 867 dc
1001 800 1135 865 Andros
1159 800 1207 880 (C.

145 911 235 985 J.G.
248 914 359 995 2349b
388 934 416 975 n.
442 910 623 993 CXXXVI)
660 933 742 977 nous
779 913 933 993 apprend
959 933 999 975 en
1031 919 1207 973 outre.

143 1040 205 1101 que
236 1030 316 1084 cette
343 1018 387 1083 tle
423 1020 508 1083 erait
535 1040 573 1082 en
603 1019 740 1102 quelque
769 1030 859 1085 sorte
887 1040 949 1082 une
972 1016 1142 1100 pe'piniire
1169 1016 1209 1079 de

135 1128 245 1211 juges,
278 1137 312 1191 et
332 1128 384 1209 qu'
410 1128 440 1190 il
460 1127 601 1219 btaityde
623 1129 716 1192 mode
740 1130 762 1191 ὰ
784 1138 862 1192 cette
884 1129 1013 1209 ipoque,
1041 1145 1080 1187 en
1106 1122 1209 1187 Grice

143 1244 175 1297 et
195 1256 236 1298 en
259 1234 340 1298 Asie
364 1234 530 1313 Mt'neure,
559 1236 599 1298 de
623 1236 776 1299 recourr'r
798 1235 819 1297 ὰ
842 1234 904 1298 elle
929 1244 1019 1315 pour
1045 1240 1208 1311 composer

143 1342 189 1404 les
204 1342 388 1405 tribunaux
404 1343 463 1405 des
475 1344 665 1425 differentes
680 1343 858 1407 localitbsc
884 1338 1067 1402 Boeckths
1083 1336 1207 1399 dubita·

144 1447 199 1520 vit,
233 1456 426 1527 argumenta
457 1467 522 1511 non
550 1449 665 1511 attulit
714 1450 757 1511 Et
780 1468 821 1512 eo
845 1448 950 1529 magis
971 1448 1019 1508 Le
1042 1446 1106 1507 Bas
1128 1442 1208 1505 salsa

146 1554 197 1614 via
220 1554 350 1615 incessit
372 1554 448 1636 quia
471 1556 585 1618 Andrii
602 1576 667 1619 non
683 1564 759 1619 sunt
774 1555 918 1618 arcessiti
935 1554 994 1615 nisi
1011 1574 1041 1614 n.
1055 1550 1208 1614 LXXVII
1300 1570 1302 1575 “

142 1668 173 1723 et
184 1658 218 1723 C.
228 1660 254 1740 J.
269 1658 306 1722 G.
322 1661 473 1742 2349bn.
484 1662 649 1728 CXXXVI
663 1665 719 1727 ubi
732 1663 866 1726 dubium
880 1670 929 1723 est
942 1681 1019 1722 num
1032 1659 1206 1738 Adramyt-

143 1767 208 1829 teni
222 1787 280 1829 eos
296 1767 490 1832 adsciverint
506 1771 696 1834 voluntarii?
719 1770 881 1833 Videntur
897 1768 1007 1851 potius
1020 1788 1040 1829 a
1051 1764 1207 1828 Romanis

142 1874 219 1937 iussi
254 1894 334 1938 esse.
388 1875 441 1940 Ob
480 1876 670 1941 affinitatem
700 1878 866 1941 civitatum
896 1876 1019 1939 iudices
1051 1894 1093 1935 ex
1110 1881 1113 1887 '
1128 1871 1207 1933 urbe

139 1982 324 2064 propInqua
355 1984 467 2045 adsciti
495 1995 571 2047 sunt
602 2006 653 2048 nn.
671 1986 789 2059 LXXI,
827 1984 973 2057 LXXXI,
998 1981 1050 2061 IC,
1075 1977 1205 2051 CXXV,

140 2087 317 2163 CXXXVI,
349 2089 529 2155 CXXXVII
559 2101 591 2155 et
620 2093 647 2155 si
676 2090 801 2167 οἰκεῖος
836 2093 936 2154 sumis
967 2110 1027 2172 pro
1052 2084 1208 2170 συγγενής

140 2197 237 2258 etiam
269 2194 310 2258 CI
333 2206 365 2258 et
388 2195 470 2260 CIV.
517 2199 651 2262 Miretur
680 2200 752 2283 quis
790 2199 878 2282 quod
909 2207 977 2260 tam
1008 2215 1079 2257 raro
1109 2191 1206 2255 affini-

145 2310 247 2365 tatem
273 2305 391 2367 curarit
415 2305 527 2369 civitas
551 2307 682 2382 discors,
708 2308 767 2369 sed
790 2305 881 2369 facile
904 2304 1098 2385 explicatur:
1124 2320 1207 2382 opus

147 2419 195 2471 est
220 2430 285 2471 non
309 2420 375 2473 tam
400 2414 591 2495 propinquis
614 2414 773 2478 iudIcibus
797 2434 895 2495 quam
918 2412 1031 2475 amicis
1056 2418 1087 2471 et
1110 2408 1206 2470 bene·

145 2518 321 2580 volentiam
356 2520 468 2601 populi
503 2521 611 2583 arbitri
642 2523 831 2604 saepissime
867 2520 985 2583 elatam
1015 2515 1204 2578 invenimus

142 2623 361 2687 Observamus
393 2637 502 2691 autem
532 2628 574 2692 de
602 2630 706 2693 causis
737 2629 869 2712 privatis
900 2628 987 2689 idem
1016 2624 1105 2705 quod
1141 2621 1207 2684 erui

145 2752 173 2811 p.
202 2748 243 2813 39
267 2752 326 2813 sq.,
359 2732 422 2797 scil.
458 2755 476 2797 e
505 2735 578 2799 loco
608 2737 661 2801 ubi
696 2736 808 2800 titulus
842 2737 990 2797 inventus
1025 2741 1075 2795 est
1108 2751 1207 2812 saepe

147 2838 273 2901 elucere
301 2859 321 2902 a
352 2860 416 2921 qua
447 2843 575 2908 civitate
606 2844 710 2907 factus
735 2846 784 2919 sit,
810 2864 887 2907 num
912 2863 951 2907 ea
974 2842 1069 2905 fuerit
1092 2840 1206 2902 civitas

144 2944 310 3021 Graeciae,
335 2946 443 3025 Asiae,
469 2971 510 3013 ex
534 2953 643 3015 insulis
659 2973 734 3015 una.
781 2953 906 3017 Causae
929 2969 1061 3034 quoque
1079 2968 1103 3008 a
1126 2946 1205 3027 regi·

141 3053 203 3115 bus
240 3063 273 3117 et
300 3055 457 3121 Romanis
486 3059 591 3121 decidi
624 3062 730 3124 iussae
758 3081 822 3124 non
854 3060 995 3123 obstant.
1040 3056 1208 3136 Exceptus

143 3173 193 3226 est
228 3183 309 3225 unus
340 3164 430 3227 Iocus
459 3166 537 3229 Bull.
561 3168 591 3230 X
620 3184 686 3247 430
710 3172 753 3250 (n.
770 3167 992 3248 LXXXVIII).
1039 3161 1207 3225 RefeIlitur

143 3270 240 3352 igitur
277 3271 367 3352 quod
406 3272 580 3337 Sterretius
618 3285 711 3357 putat
751 3275 869 3338 electas
907 3293 978 3335 esse
1015 3270 1207 3354 plerumque

148 3378 294 3441 civitates
334 3380 447 3459 magis
476 3391 618 3445 remotas
657 3402 755 3464 quam
794 3402 877 3463 quae
912 3398 1025 3443 causas
1059 3375 1207 3457 cognitas

145 3485 309 3548 haberent.
366 3487 534 3551 Praeterea
573 3489 644 3570 quis
689 3508 803 3552 omnes
848 3489 916 3552 illas
961 3503 1085 3555 causas,
1123 3501 1207 3563 quae

146 3591 344 3655 decidendae
379 3603 477 3669 erant,
510 3596 660 3677 cognitas
687 3596 808 3660 habere
837 3596 944 3677 potuit
972 3603 1005 3657 et
1032 3591 1084 3654 cui
1114 3589 1207 3653 detri-

147 3709 258 3762 mento
288 3698 401 3762 fuisset
429 3702 456 3763 si
487 3722 542 3766 eas
572 3703 702 3768 nosset?
719 3687 722 3691 ⁵
740 3705 790 3768 Ne
823 3704 855 3766 in
886 3703 923 3764 iis
947 3701 1088 3783 quidem
1101 3700 1208 3761 causis

144 3825 227 3885 quae
252 3808 360 3890 priore
384 3818 476 3888 parte
501 3811 714 3884 contiuentur,
747 3811 801 3873 ubi
831 3809 953 3872 arbitro
978 3808 1079 3872 multo
1103 3807 1206 3870 maius

146 3916 402 3981 emolumentum
432 3916 569 3979 existere
600 3918 707 4000 potuit
735 3918 760 3981 si
792 3936 860 3980 rem
888 3916 920 3977 in
949 3916 1079 3979 aIterius
1107 3913 1206 3996 partis

146 4023 356 4087 commodum
386 4032 547 4099 tractaret,
578 4025 660 4087 haec
687 4024 741 4089 lex
770 4032 857 4088 recte
887 4045 922 4087 se
949 4023 1058 4101 habet,
1084 4030 1206 4108 quanto

142 4132 247 4195 minus
270 4130 339 4195 hicl
