2900 4559
655 258 878 320 ..24-

341 450 425 515 XlL.
450 450 498 515 Ps.
525 451 602 515 Plut.
628 452 740 517 Parall.
766 472 797 533 p.
823 466 918 532 305,3
945 451 1062 532 Argivi
1085 461 1119 513 et
1141 449 1303 514 Lacedae·

235 559 335 621 monii
359 560 400 621 de
423 559 621 639 Thyreatide
646 559 812 622 discordes
836 560 992 622 mandato
1016 558 1302 641 Amphictyonum

236 667 275 729 de
301 684 339 729 ea
362 675 596 747 pugnaverunt.
644 666 776 729 Deinde
799 686 873 729 curn
898 667 943 728 ob
976 665 1089 728 dolum
1123 665 1304 745 Othryadis

237 772 319 835 illius
359 774 473 835 iterum
513 773 747 836 contenderent
784 772 1046 855 Amphictyones
1083 773 1232 853 inspecta
1270 791 1304 832 re

236 879 503 941 Lacedaemoniis
527 898 642 961 agrum
672 880 896 942 adiunxerunt.
938 879 1071 941 Dubito
1103 879 1144 940 de
1173 877 1302 950 haere,

237 986 314 1067 quia
338 985 416 1047 Hdt.
433 986 446 1047 1
463 988 515 1059 82,
532 985 623 1047 Paus.
640 986 758 1065 11138,5
786 987 826 1048 de
843 984 1143 1067 Amphictyonibus
1158 994 1304 1046 tacentes

236 1092 572 1155 Lacedaemoniorum
595 1101 627 1155 et
643 1093 842 1173 Argivorum
864 1101 1029 1155 trecentos
1052 1112 1095 1153 ex
1118 1092 1305 1173 composito

167 1186 170 1191 ⁵
237 1200 279 1261 de
302 1220 343 1261 eo
368 1218 531 1281 pugnasse
555 1200 694 1273 tradunt,
719 1200 836 1263 deinde
860 1218 981 1279 magno
1004 1199 1128 1280 proelio
1151 1218 1224 1260 cum
1252 1217 1305 1259 res

239 1308 271 1371 in
307 1306 441 1369 dubium
476 1314 629 1369 revocata
667 1315 753 1371 esset
791 1306 1073 1372 Lacedaemonios
1103 1304 1305 1385 Thyreatide

242 1413 366 1493 potitos
397 1432 475 1477 esse.
528 1412 660 1476 Accidit
690 1413 754 1477 hoc
777 1413 883 1494 primo
907 1412 1026 1477 saeculi
1049 1413 1134 1475 sexti
1157 1412 1303 1474 dimidio.

347 1520 416 1587 XL.
449 1518 484 1583 C.
499 1520 523 1599 J.
541 1518 580 1587 G.
617 1532 700 1599 1534
728 1520 910 1583 secundum
932 1518 1135 1583 Boeckhium
1167 1528 1217 1581 est
1243 1519 1304 1580 dis·

238 1626 374 1689 tributio
397 1644 552 1706 agrorum
575 1627 656 1690 inter
678 1626 975 1709 Megalopolitanos
989 1645 1169 1707 eorumque
1192 1626 1304 1688 adver-

238 1733 348 1806 sarios,
373 1728 486 1796 contra
510 1732 774 1799 Wilamowitzius
801 1752 899 1813 agros
922 1734 1066 1815 privatos
1090 1741 1122 1794 et
1154 1732 1305 1813 publicos

238 1840 291 1920 agi
304 1847 399 1919 putat
411 1840 498 1903 nisus
514 1860 541 1902 v.
559 1855 576 1921 7
590 1860 636 1927 sq.
650 1822 783 1924 pulleni
799 1839 988 1920 ἐπιβάλλειν
1003 1840 1058 1904 καὶ
1073 1838 1238 1921 νεμόμεθα
1261 1836 1304 1903 τὰ

237 1947 342 2029 χωρία
366 1942 408 2011 τὰ
431 1943 484 2009 ἐπὶ
508 1954 567 2011 τοῦ
589 1968 670 2029 νομο
694 1947 891 2029 (Boeckhius
907 1947 996 2012 dedit
1013 1944 1056 2011 τὰ
1071 1945 1197 2011 otram
1213 1949 1305 2028 νομο)

240 2062 323 2117 etv.
352 2069 391 2129 14
414 2072 461 2135 sq.
486 2054 560 2137 περὶ
583 2044 659 2137 [chlv
692 2053 956 2136 προεκαλέσαντο
990 2044 1217 2137 Άριστόδαμος
1231 2102 1237 2114 .
1253 2102 1259 2114 .
1274 2099 1304 2115 ..

243 2158 379 2243 ὁαμόσια
394 2159 444 2223 vel
468 2160 611 2243 δαμοσία.
658 2161 762 2227 Aetas
778 2170 828 2225 est
840 2180 886 2225 ca.
905 2164 970 2225 280
986 2160 1165 2224 secundum
1181 2159 1305 2222 Boeck·

240 2266 341 2332 hium.
1428 2305 1430 2342 4

347 2372 429 2437 XLI.
453 2373 501 2437 Le
524 2374 587 2437 Bas
610 2374 638 2437 Il
664 2376 728 2453 328
748 2374 921 2438 a=Cauer
943 2386 984 2452 45
1011 2381 1059 2435 est
1074 2382 1206 2454 pactum
1229 2374 1309 2435 inter
1428 2363 1429 2388 ³

242 2492 307 2561 250
331 2488 363 2541 et
380 2496 441 2541 222
460 2480 588 2544 sactum.
613 2480 723 2544 Aetoli
740 2491 857 2561 petunt
874 2490 909 2543 ut
924 2479 1135 2545 concilientur
1157 2480 1308 2543 Messenii

243 2597 276 2649 et
291 2586 351 2663 illi;
370 2596 401 2651 et
423 2588 568 2668 contigit.
616 2588 703 2655 Num
728 2588 838 2652 Aetoli
860 2589 946 2670 pacti
962 2588 1171 2650 condiciones
1188 2606 1308 2667 propo·

132 2748 135 2755 ,
244 2694 374 2767 suerint,
399 2713 464 2756 non
488 2694 683 2774 intelligitur.

348 2800 445 2864 XLII.
470 2801 517 2863 Le
541 2801 604 2863 Bas
626 2802 670 2864 III
694 2815 758 2879 423
784 2809 825 2863 et.
1428 2853 1429 2864 ,

348 2908 459 2970 XLIII.
486 2908 533 2970 Le
556 2908 619 2970 Bas
642 2909 685 2970 Ill
709 2924 775 2985 424
800 2909 904 2970 editor
918 2905 1015 2971 refert
1031 2907 1074 2968 ad
1099 2919 1307 2991 ›arpentage,
1428 2919 1429 2926 ’

244 3025 336 3079 vente
364 3027 396 3077 et
426 3014 596 3089 locatiom,
628 3014 903 3096 Waddingtonius
935 3014 977 3075 ad
1006 3014 1243 3077 controversias
1267 3014 1308 3076 de
1428 3023 1429 3044 ³

245 3120 371 3194 finibus,
397 3121 446 3182 cui
470 3141 535 3202 ego
559 3121 747 3185 assentior!
774 3120 873 3184 Tituli
895 3120 1040 3212 Mylasae
1072 3121 1193 3183 inventi
1225 3129 1309 3184 sunt.
1428 3137 1430 3208 t

247 3227 414 3306 Scriptura
437 3246 503 3289 non
527 3238 576 3291 est
599 3230 763 3309 antiquior
785 3229 887 3299 altero
912 3227 1049 3294 saeculo

361 3333 476 3401 XLIV.
502 3335 600 3397 Arch.
627 3334 747 3399 Osterr.
773 3334 803 3397 X
833 3350 944 3413 2,19o
968 3334 1103 3396 effossus
1125 3342 1230 3415 prope
1254 3332 1311 3395 Ca-

250 3443 382 3503 liacram
421 3441 452 3503 in
493 3440 626 3523 Scythia
650 3442 782 3504 Minore.
803 3442 891 3520 .V.9
925 3440 1157 3503 Constantinus
1187 3441 1312 3522 Jirecek

253 3547 415 3631 supplevit
445 3549 711 3632 Kallluccavdw,
741 3570 770 3613 v.
796 3567 818 3626 4
842 3566 906 3628 ego
935 3550 1052 3611 OPOE
1076 3556 1133 3609 aut
1156 3543 1231 3632 ὄρος
1254 3559 1312 3611 aut
1428 3613 1429 3636 ἶ

249 3649 324 3738 ὅρος
348 3650 419 3715 esse‘
443 3664 532 3736 puto.
579 3654 677 3735 Quod
701 3656 728 3717 si
750 3656 795 3717 ita
823 3663 881 3725 est,
912 3652 1023 3715 titulus
1047 3639 1135 3717 litem
1166 3656 1311 3718 continet
1428 3645 1429 3726 J

247 3760 500 3825 Callatianorum
525 3770 557 3824 et
585 3760 715 3823 alterius
738 3761 885 3826 civitatis.
933 3760 984 3823 Eo
1029 3780 1160 3841 quoque
1184 3772 1311 3842 spectat

251 3890 281 3932 v.
306 3886 323 3949 3
351 3864 407 3952 elil
431 3870 532 3951 νείκη,
557 3869 695 3929 sirecte
723 3866 788 3930 hoc
811 3867 887 3928 erui.
935 3866 1154 3931 Caliacrenses
1176 3869 1314 3932 fortasse
1428 3885 1429 3942 ᾗ

246 3984 339 4038 erant
355 3974 486 4037 iudices.
528 3972 646 4034 Forma
662 3972 787 4035 litterae
799 3974 1022 4053 Equadratae
1040 3994 1099 4035 nos
1115 3976 1252 4053 impedit
1269 3996 1310 4037 ne

249 4081 355 4161 primo
372 4078 501 4142 saeculo
518 4078 759 4159 inscriptionem
777 4080 990 4160 antiquiorem
1016 4100 1087 4141 esse
1110 4100 1309 4147 censeamus.
1428 4068 1430 4130 l
