2900 4559
557 348 786 411 4514-

140 555 260 627 essent3
289 551 381 625 pater
404 540 539 606 sortasse
562 543 663 606 homo
702 544 922 606 nobilissimus
959 540 1196 607 suerat-certe

136 649 240 711 suerat
257 648 501 723 ditissimuss—,
520 650 609 712 cuius
626 650 749 713 mentio
762 651 1011 713 misericordiam
1028 652 1194 718 excitaret.

135 758 237 820 Recte
259 766 368 821 autem
391 756 531 819 Keilium
555 757 633 839 Syll.
659 779 688 839 p.
707 774 747 820 22
772 757 894 820 dixisse
916 757 1073 821 Meierum
1095 778 1128 841 p.
1155 775 1196 837 32

136 884 174 927 ea
197 865 229 925 in
252 885 288 925 re
317 884 424 927 errare
454 864 680 939 intelleximus
710 866 800 947 quod
824 865 925 927 Meier
946 874 1041 946 putat
1064 865 1148 927 Ross
1168 867 1194 947 J.

135 970 172 1033 G.
189 972 208 1033 i.
226 969 340 1059 11182
356 992 387 1053 p.
407 972 446 1051 65
474 990 544 1032 esse
567 970 656 1034 litem
680 972 764 1035 inter
785 972 867 1034 duas
890 972 1035 1033 eiusdem
1058 973 1196 1035 civitatis

135 1078 300 1152 sactiones,
326 1078 384 1140 sed
412 1079 517 1160 ipsum
549 1076 689 1141 Keiliurn
722 1079 879 1141 audacius
910 1076 1053 1161 profiteri
1084 1094 1123 1141 ne
1153 1079 1195 1141 ad

135 1194 277 1248 nostram
294 1186 426 1267 quidem
442 1205 510 1247 rem
526 1193 684 1264 spectare.
731 1185 865 1259 Keilius,
890 1187 916 1247 si
932 1186 1069 1249 Newton
1086 1205 1116 1249 n.
1131 1201 1197 1265 299

133 1293 288 1373 inspicere
296 1293 360 1354 iam
367 1292 527 1365 valuisset,
541 1300 629 1353 certe
637 1292 729 1355 aliter
738 1292 923 1357 censuisset.
940 1292 1080 1356 Litterae
1089 1292 1195 1355 titulo-

132 1418 202 1461 rum
219 1408 293 1461 sunt
308 1400 460 1480 antiquae
476 1408 604 1481 praeter
619 1398 779 1463 Newtonii
802 1398 838 1463 Π
860 1408 894 1462 et
916 1400 1023 1462 Rossii
1047 1402 1082 1464 Σ
1100 1418 1128 1462 ν.
1146 1400 1194 1473 16,

133 1506 223 1588 quod
246 1507 351 1587 sigma
374 1506 400 1568 si
423 1526 483 1568 suo
507 1507 576 1568 iure
598 1506 739 1569 reddidit
762 1524 872 1589 neque
885 1505 966 1569 salso
980 1505 1060 1586 legit
1077 1506 1191 1581 editor,
1283 1534 1289 1545 ·

131 1622 201 1674 tum
247 1612 354 1674 omnia
401 1612 587 1676 acciderunt
633 1613 765 1677 saeculo
810 1616 916 1695 primo
961 1615 1001 1679 cl.
1049 1612 1192 1684 Reinach

130 1719 253 1781 traite
277 1718 569 1803 d'epigraphie
592 1742 624 1803 p.
644 1734 715 1803 207.

643 1888 681 1968 3.

238 2038 377 2101 Primum
413 2041 598 2123 exemplum
633 2042 810 2123 respondet
845 2060 896 2103 nn.
934 2032 1191 2115 LVI-LVIII,

128 2155 238 2208 cetera
262 2165 314 2213 nn.
338 2146 398 2209 LX
420 2166 468 2227 sq.

236 2250 339 2319 LXII.
364 2254 411 2315 Le
434 2254 496 2317 Bas
520 2255 572 2317 III
598 2254 639 2317 86
662 2282 705 2310 =
728 2255 802 2317 Ditt
834 2254 895 2316 126
924 2254 1111 2337 Antigonus
1135 2274 1193 2317 rex

125 2359 268 2442 epistola
292 2359 333 2421 de
355 2362 590 2442 coniungendis
606 2361 789 2424 civitatibus
805 2360 876 2423 Teo
898 2370 932 2423 et
946 2362 1082 2425 Lebedo
1103 2382 1191 2425 anno

125 2482 195 2547 304
218 2474 273 2529 aut
300 2483 363 2547 303*
387 2467 464 2530 data
486 2469 577 2532 iubet
598 2488 648 2531 vv.
667 2484 708 2547 27
733 2486 804 2549 sqq.
819 2468 861 2529 de
884 2468 1079 2542 criminibus,
1105 2488 1192 2549 quae

127 2581 240 2635 essent
264 2574 346 2635 inter
369 2574 467 2636 Teios
491 2596 528 2637 ac
555 2574 729 2648 Lebedios,
759 2572 827 2635 fieri
851 2584 994 2653 pactum,
1028 2576 1077 2637 sin
1111 2596 1191 2639 vero

123 2680 166 2741 lis
199 2690 270 2742 orta
305 2690 390 2743 esset
421 2682 564 2745 iudicare
596 2683 709 2745 urbem
740 2677 903 2766 ἔκκλητον
933 2701 1032 2763 quarn
1064 2683 1190 2761 utrique

123 2785 293 2867 elegerunt
316 2788 493 2869 Mytilenen
523 2810 573 2855 vv.
602 2802 643 2868 50
665 2809 745 2870 sqq,
769 2788 866 2869 leges,
899 2807 983 2869 quae
1006 2809 1026 2850 a
1046 2787 1186 2851 thesmo-

120 2891 223 2954 thetis
253 2891 357 2956 laetae
384 2914 404 2955 a
427 2896 608 2958 civitatibus
629 2876 801 2977 ¹probatae
831 2915 896 2956 non
928 2903 1045 2969 essent,
1078 2894 1121 2957 ad
1153 2917 1188 2959 se

128 2998 250 3060 delerri
274 3008 309 3062 ut
332 3000 401 3083 ipse
424 3002 579 3064 ludicaret
601 3009 659 3064 aut
681 3002 750 3064 urbi
773 3001 866 3064 alicui
889 3001 1066 3069 mandaret.

237 3105 359 3173 LXIII.
385 3108 469 3187 Eph.
494 3108 577 3171 arch.
606 3108 686 3171 1862
711 3127 744 3187 p.
770 3108 834 3171 266
863 3128 893 3171 n.
926 3125 989 3187 240
1019 3108 1188 3173 Saccelion

125 3212 236 3275 editor
259 3222 353 3293 putat
375 3214 503 3277 titulum
527 3234 598 3277 esse
618 3216 783 3277 decretum
798 3212 1012 3280 honorificum
1029 3215 1188 3280 iudicibus

124 3320 248 3393 datum,
260 3319 314 3401 qui
324 3320 406 3383 inter
413 3319 608 3403 Coos-qua
616 3322 648 3383 in
660 3320 762 3384 insula
774 3330 906 3385 exarata
913 3330 967 3397 est,
977 3323 1188 3405 inscriptio——

124 3425 328 3508 alteramque
344 3427 507 3489 civitatem
525 3428 732 3490 discreverint
754 3426 892 3491 fortasse
907 3428 992 3491 iussu
1012 3429 1188 3493 Ptolemaei

124 3530 334 3615 Philadelphi,
352 3534 407 3615 qui
423 3544 519 3597 natus
533 3542 621 3597 esset
634 3534 678 3596 ibi
694 3538 736 3600 cl.
748 3533 889 3599 'I'heokn
900 3527 942 3617 ιζ’
961 3536 1010 3614 56,
1027 3533 1105 3600 Call.
1115 3537 1187 3602 Del.

129 3640 195 3700 160
218 3657 288 3720 sqq.
312 3639 476 3721 (Droysen
500 3638 639 3703 Gesch.
664 3641 693 3703 d.
719 3641 826 3707 Hell.
857 3642 905 3704 11²
930 3645 1029 3722 2,94).
1053 3640 1118 3705 Sed
1142 3645 1186 3707 ob

124 3745 300 3807 dialectum
326 3747 434 3809 malim
458 3748 601 3829 cogitare
626 3745 713 3810 Coos
736 3748 904 3814 iudicasse.
950 3749 1003 3811 De
1024 3758 1130 3813 aetate
1154 3760 1187 3813 et

124 3852 365 3934 supplementis
387 3854 461 3915 vide
484 3873 656 3915 excursum
679 3855 700 3917 I.

230 3959 347 4022 LXIV.
372 3959 420 4021 Le
443 3960 505 4021 Bas
529 3959 580 4022 III
605 3976 666 4039 242
693 3981 712 4023 a
735 3990 775 4015 =
798 3960 879 4023 Ditt.
899 3974 937 4041 25
945 3975 959 4041 5
979 3960 1186 4044 Gyptheatae
1294 4029 1308 4051 ·

123 4074 160 4138 et
187 4068 253 4129 duo
289 4065 429 4135 Romani
467 4075 616 4149 tempore
656 4065 787 4131 Sullano
825 4087 899 4130 cum
938 4069 1120 4157 rixarentur
1144 4071 1185 4132 de

123 4176 213 4255 3965
254 4173 428 4248 drachmis,
468 4192 548 4253 quas
583 4183 697 4239 mutuo
742 4182 913 4258 acceperat
949 4173 1184 4258 Gytheatarum

1044 4302 1077 4364 4.
