2900 4559
601 300 816 368 ἡ19..

279 496 397 563 XXIX.
423 498 498 579 Pap.
530 499 551 561 Ι.
581 517 603 578 9
627 499 835 581 Mylasenses,
860 502 1120 574 Alabandenses.
1154 503 1240 568 duae

170 604 251 667 aliae
275 605 431 679 civitates
457 625 536 685 quas
560 606 700 669 adfuisse
724 609 865 690 reliquiis
889 610 1025 671 duarum
1050 630 1240 673 coronarum

169 712 419 785 demonstratur,
444 712 606 775 honorant
630 733 751 776 corona
772 714 956 780 Laanthem
972 714 1103 779 Prodici
1127 715 1237 791 filium,

171 817 428 881 Assium—Assi
442 820 527 881 enim
540 819 652 883 titulus
666 821 815 883 inventus
827 822 976 903 est—qui
989 822 1071 885 inter
1083 822 1152 885 illas
1168 824 1240 885 civi·

172 934 256 987 tates
280 925 432 987 iudicavit
455 925 494 992 cs.
519 926 642 989 initium
666 926 856 1014 Λα(ά)νι9ην
872 927 1036 1011 Προδίκου
1051 928 1242 994 δικάσαντα.

172 1030 340 1113 Scriptura
363 1041 413 1095 est
442 1032 571 1095 alterius
594 1034 723 1107 saeculi,
765 1035 844 1097 item
878 1043 978 1115 atque
1002 1054 1053 1097 nn.
1078 1036 1173 1101 XXX
1196 1075 1240 1084 —

168 1138 313 1211 XXXIII,
338 1158 478 1220 quorum
501 1149 591 1203 aetas
615 1141 795 1204 accuratius
819 1140 941 1203 definiri
965 1161 1031 1205 non
1059 1152 1177 1225 potest

276 1262 376 1325 XXX.
404 1264 543 1325 Newton
574 1264 627 1329 Ill.
649 1284 677 1326 n.
699 1281 765 1343 412
798 1266 847 1328 ed.
880 1263 990 1329 Hicks.
1037 1266 1234 1331 Milesiorum

170 1380 204 1431 et
228 1370 447 1432 Prienensium
474 1369 514 1431 de
538 1368 656 1432 tinibus
684 1371 880 1433 discordiam
910 1383 1101 1436 amoverant
1130 1373 1239 1456 Smyr-

171 1478 245 1538 naei
284 1477 415 1538 iudices.
474 1477 569 1538 Putat
615 1476 769 1539 Hicksius
813 1478 1008 1557 quibusdam
1051 1480 1093 1542 de
1131 1482 1236 1545 causis

169 1583 324 1645 accidisse
348 1582 412 1645 hoc
442 1582 629 1646 Ptolemaeo
657 1584 710 1649 Ill.
743 1594 898 1665 regnante
921 1586 1055 1667 (247—
1070 1590 1158 1670 221),
1182 1589 1239 1669 qui

170 1690 371 1752 adversarios
387 1688 523 1751 fortasse
540 1691 714 1753 excitasset
731 1701 766 1754 ut
788 1711 900 1754 eorum
918 1691 1039 1754 iudicio
1063 1713 1131 1756 rem
1148 1713 1238 1757 man-

169 1797 291 1859 darent.
304 1794 569 1859 Wilamowitzius
578 1797 747 1860 annotavit
755 1798 796 1860 ad
809 1797 978 1877 exemplar
989 1818 1084 1861 suum
1096 1799 1240 1862 »litterae

170 1901 405 1984 proconsulis«,
447 1906 498 1967 cui
533 1906 675 1967 maxime
710 1905 881 1980 assentior;
917 1924 994 1967 nam
1028 1905 1103 1968 vide
1138 1906 1239 1969 modo

170 2010 308 2072 sormam
320 2011 445 2074 litterae
458 2016 490 2076 Il
501 2032 583 2092 quae
596 2030 660 2073 non
675 2010 850 2073 estsaeculi
860 2011 953 2077 tertii.
978 2011 1093 2091 Neque
1105 2011 1239 2073 omnino

170 2136 263 2197 reges
291 2117 344 2195 (cl.
360 2118 378 2183 i.
397 2138 447 2181 nn.
461 2119 536 2192 LII,
553 2119 646 2192 LIII..
671 2116 756 2198 LV.)
779 2126 846 2179 tam
871 2117 1044 2197 diligenter
1066 2136 1164 2199 quam
1187 2117 1239 2180 hic

168 2223 290 2285 factum
305 2233 353 2286 est
365 2223 445 2287 tales
458 2245 571 2287 causas
585 2244 695 2287 curare
708 2223 823 2289 solent.
847 2224 962 2304 Neque
973 2244 1052 2286 vero
1063 2222 1239 2306 proconsul

167 2329 219 2392 ille
232 2330 430 2411 Smyrnaeos
443 2332 583 2395 iudicare
595 2331 685 2393 lussit
700 2332 759 2392 sed
775 2330 855 2392 alios
867 2332 954 2393 vlros
967 2330 1005 2395 ci
1018 2352 1048 2392 v.
1062 2347 1085 2412 9
1100 2325 1237 2413 ὁρισταί,

175 2457 249 2498 nam
276 2436 456 2517 Smyrnaei,
482 2440 507 2499 si
524 2439 599 2501 iussi
616 2447 734 2510 essent,
760 2446 793 2499 et
817 2437 879 2519 ipsi
902 2438 1059 2500 terminos
1081 2436 1240 2499 iecissent.

168 2545 236 2607 Res
273 2544 385 2605 similis
419 2544 515 2607 luisse
549 2546 677 2607 videtur
712 2552 812 2624 atque
840 2564 871 2605 n.
895 2543 966 2609 XX.
1011 2543 1238 2624 Judicaverant

169 2652 340 2731 Smyrnaei
352 2650 478 2732 aliquot
490 2671 592 2713 annos
609 2660 705 2713 antea
722 2660 755 2711 et
771 2672 788 2711 a
804 2638 1007 2731 proconsule,
1025 2668 1100 2712 cum
1116 2669 1237 2711 novum

166 2758 344 2820 discidium
368 2767 475 2819 ortum
500 2767 594 2831 esset,
619 2758 767 2819 restituta
791 2765 841 2818 est
863 2775 976 2818 eorum
999 2756 1172 2819 sententia.

274 2882 392 2949 XXXI.
419 2883 498 2949 Bull.
516 2883 567 2945 III.
586 2898 647 2960 292
657 2902 727 2963 sqq.
745 2879 849 2944 Cauer
877 2896 939 2941 120
950 2880 1108 2943 docemur
1130 2899 1205 2942 cum

277 2994 309 3070 a)
335 2997 442 3067 antea,
466 3000 537 3050 tum
788 3055 791 3062 ⁴

276 3096 310 3177 b)
335 3104 474 3159 exeunte
497 3094 627 3157 saeculo
650 3094 753 3157 altero
777 3094 859 3155 inter
881 3092 996 3156 Latios
1019 3099 1052 3155 et
1085 3091 1238 3156 Olontios

171 3340 1234 3409 mmbammmmmrssrfflrmffmmflaumuaomffi

171 3450 199 3497 2;
219 3448 259 3498 13,
276 3446 304 3499 5,
322 3447 361 3495 14,
381 3446 446 3495 1-3
459 3450 464 3493 ;
476 3433 565 3497 Polyb,
581 3432 621 3495 38,
636 3446 660 3493 9,
677 3431 763 3497 1-6);
781 3432 812 3481 de
825 3432 937 3480 Eumene
950 3439 974 3480 et
986 3430 1090 3479 urbibus
1101 3429 1233 3490 Thraciae,

169 3526 201 3573 de
210 3525 329 3589 Philippo
342 3531 366 3571 et
375 3522 511 3582 Thessalis,
523 3521 676 3583 Perrhaebis,
689 3520 798 3585 Epirotis
807 3535 878 3584 anno
889 3518 936 3582 185
950 3516 1050 3585 (Polyb.
1060 3529 1102 3579 22,
1120 3530 1140 3578 1,
1153 3530 1236 3578 2-4;

171 3613 243 3665 Paua.
255 3624 278 3674 7,
293 3612 317 3672 8,
332 3612 366 3677 6),
381 3612 412 3659 de
425 3611 543 3676 PhiIippo
559 3618 583 3659 et
597 3609 733 3671 Thessalis,
746 3608 901 3669 Perrhaebis,
911 3606 1028 3672 Epirotis,
1043 3606 1237 3666 Athamanibus,

175 3702 264 3766 Illyriis
283 3712 352 3749 anno
375 3699 423 3761 184
444 3698 541 3766 (Polyb.
562 3710 604 3760 23,
627 3710 649 3757 1,
664 3697 741 3755 8-2,
760 3693 812 3763 1ο),
826 3696 859 3744 de
871 3695 1080 3744 Lacedaemoniis
1092 3702 1118 3743 et
1129 3694 1237 3744 Achaeis

172 3792 211 3839 bis
238 3805 306 3839 anno
335 3788 383 3848 184
404 3787 487 3853 (Paus.
510 3798 532 3849 7,
545 3800 569 3848 9,
590 3784 679 3851 3·-5),
699 3800 781 3850 neque
798 3793 878 3848 tango
908 3784 1080 3832 Romanorum
1112 3782 1239 3831 arbitrium

173 3880 204 3928 de
224 3878 352 3927 Antiocho
371 3877 442 3940 Syrio
461 3886 486 3924 et
505 3876 650 3925 Ptolemaeo
663 3875 832 3923 Philometore
851 3888 919 3921 anno
941 3870 989 3919 168
1002 3869 1102 3935 (Polyb.
1117 3883 1160 3933 29,
1175 3883 1198 3933 3,
1211 3885 1237 3930 4,

175 3968 270 4017 Euseb.
290 3967 378 4015 chron.
402 3979 411 4013 1
434 3983 459 4031 p.
483 3966 528 4012 161
551 3964 658 4023 Schdne,
676 3963 757 4027 Justin
777 3978 807 4010 ex
826 3962 915 4025 Pomp.
935 3959 1021 4023 Trogo
1040 3970 1082 4020 34,
1102 3970 1117 4006 2
1138 3956 1193 4026 -3),
1206 3960 1238 4007 de

174 4056 260 4107 Prusia
275 4056 300 4104 ll
320 4062 344 4104 et
364 4056 451 4103 Attalo
471 4053 496 4101 11
516 4068 583 4101 anno
607 4061 654 4115 153
674 4050 788 4116 (Appian
813 4050 840 4105 b,
862 4049 948 4099 Mithr.
967 4065 992 4114 p.
1013 4046 1065 4109 298
1084 4062 1120 4111 sq.
1148 4047 1236 4111 Polyb.

175 4139 807 4210 gaffiff;wffffiraamuffi4mm

1094 4240 1128 4300 φ
