2900 4559
573 292 792 354 „35-

144 482 337 549 Kirchhoflii
362 484 496 564 quidem
521 486 699 548 sententiae
723 484 882 548 assentior
906 485 951 547 ob
974 485 1075 549 verba
1098 482 1212 550 κοινὸν

146 590 315 675 συνέδρων
324 598 393 655 τῶν
400 580 578 666 Ἑλλάνων,
593 592 768 671 quodcum
781 591 1040 656 Schneidewinio
1053 593 1210 657 Philol.lX

152 700 236 777 1864
259 720 290 781 p.
319 701 381 779 589
405 699 681 780 amphictyoniam
713 698 906 779 Delphicam
929 720 1000 763 esse
1029 701 1106 774 vult,
1138 721 1212 763 cum

147 807 195 869 Le
219 807 333 869 Basius
364 806 405 869 de
434 806 679 888 amphictyonia
703 807 827 887 Argiva
857 807 988 887 cogitet.
1034 807 1101 871 Sed
1125 819 1212 871 recte

146 914 315 994 Biirgelius
349 931 404 995 pp.
445 916 505 993 198
514 932 585 995 sqq.
618 914 649 977 in
684 914 785 978 titulis
816 913 953 993 publicis
987 914 1083 979 licere
1114 923 1213 995 negat

148 1019 410 1102 Amphictyones
425 1021 582 1083 nominari
606 1020 719 1085 κοινὸν
743 1020 912 1104 συνέδρων
926 1026 995 1085 τῶν
1007 1014 1212 1105 Ἑλλάνωνθῧ)

148 1147 254 1207 neque
270 1126 366 1190 [uisse
381 1128 466 1190 bello
483 1128 758 1207 Peloponnesiaco
781 1127 1059 1209 amphictyoniam
1083 1127 1212 1210 Delphi-

147 1255 218 1297 cam
236 1234 299 1297 ulla
321 1235 512 1298 auctoritate
536 1234 574 1298 cs.
601 1255 655 1317 pp.
675 1248 820 1318 250sqq.
850 1235 1002 1315 Burgelio
1018 1237 1211 1300 obversatur

147 1342 334 1423 synedrium
357 1342 522 1421 quoddam
547 1340 799 1405 Corinthiacum
847 1341 914 1406 Sed
950 1342 1090 1405 societas
1114 1340 1211 1406 Grae·

148 1460 355 1531 eorumquae
368 1449 440 1511 beili
453 1450 572 1511 Persici
584 1450 788 1533 temporibus
803 1448 864 1531 suit
879 1468 965 1512 anno
977 1450 1044 1525 460
1056 1450 1213 1513 dissoluta

148 1565 207 1629 est,
249 1565 280 1617 et
315 1573 360 1618 ‘ex
394 1575 548 1619 consessu
584 1553 791 1619 Corinthiaco
829 1556 903 1618 anni
941 1572 1002 1633 421
1041 1556 1157 1640 (Thuc.
1181 1557 1214 1620 V

149 1668 192 1727 28
206 1666 293 1745 sqq.)
319 1663 383 1725 iam
415 1679 482 1739 420
505 1662 663 1727 Corinthii
692 1671 894 1726 secesserant
917 1662 955 1725 cs.
979 1662 1081 1727 Grote
1114 1664 1210 1726 hist.

148 1770 193 1832 of
211 1769 273 1835 Gr.
321 1770 489 1834 Praeterea
512 1770 685 1834 concilium
708 1772 783 1835 anni
806 1786 867 1847 421
891 1771 1124 1834 nominandum
1148 1790 1212 1834 non

147 1888 199 1941 est
222 1875 335 1941 κοινὸν
359 1860 527 1960 6011έὸ411ον
549 1882 619 1941 τῶν
638 1866 733 1951 M,
758 1878 882 1960 quippe
914 1878 1004 1959 quod
1039 1896 1212 1960 compone·

147 1994 238 2047 retur
271 1967 313 2046 eu
345 1985 457 2066 paucis
489 1984 625 2066 populis.
675 1984 790 2064 Neque
821 1984 960 2066 quadrat
990 1986 1149 2067 scriptura
1173 1986 1213 2048 ad

147 2092 223 2169 416.
271 2092 375 2153 Immo
399 2099 448 2153 est
471 2092 656 2172 synedrium
681 2092 758 2154 illud
773 2090 1017 2154 Corinthiacum
1034 2092 1121 2171 quod
1138 2091 1214 2153 inde

147 2201 193 2262 ab
215 2218 301 2261 anno
318 2216 335 2277 3
341 2201 381 2277 38
397 2198 622 2261 conveniebat.
670 2198 847 2280 Quaeritur
861 2207 981 2272 autem,
1004 2208 1111 2263 utrum
1127 2198 1215 2260 Melii

147 2320 281 2387 quoque
304 2313 337 2367 et
360 2304 486 2367 Cimolii
517 2326 559 2367 eo
588 2325 718 2386 semper
748 2305 875 2386 legatos
904 2306 1052 2368 miserint
1082 2325 1123 2369 an
1147 2326 1210 2369 non

148 2414 209 2476 nisi
239 2413 303 2474 hoc
326 2412 483 2495 temporis
507 2424 691 2481 momento:
716 2413 803 2475 unde
825 2412 962 2474 discerni
992 2422 1114 2494 posset,
1147 2432 1212 2493 quo

148 2521 222 2583 loco
238 2520 350 2582 titulus
365 2519 552 2582 inserendus
568 2529 663 2593 esset,
689 2528 766 2599 post
781 2539 810 2582 n.
825 2519 900 2582 XIII
923 2538 964 2581 an
988 2528 1064 2598 post
1079 2539 1109 2581 n.
1127 2519 1211 2587 LVI.

257 2627 324 2688 LV.
348 2623 439 2708 Eph.
459 2627 545 2688 arch.
575 2630 658 2703 1884
680 2648 736 2709 pp.
770 2642 832 2706 130
843 2645 891 2705 sq.
924 2627 1114 2689 coniunctus
1138 2646 1212 2688 cum

150 2734 184 2797 C.
207 2735 233 2815 J.
259 2732 300 2796 A.
326 2734 354 2795 11
379 2736 441 2811 308
467 2762 509 2789 =
533 2734 613 2796 Ditt.
644 2750 714 2814 139,
747 2770 790 2781 -
814 2752 896 2813 quos
919 2733 984 2795 iam
1006 2731 1215 2795 Cumanudes

148 2842 334 2903 cohaerere
379 2841 488 2913 sensit,
528 2878 570 2889 -
609 2842 798 2923 suppeditat
842 2840 897 2919 agi
942 2841 984 2902 de
1021 2840 1075 2903 lite
1112 2839 1213 2903 Athe·

151 2948 311 3011 niensium
335 2956 369 3011 et
391 2946 529 3011 foederis
552 2949 688 3021 Boeotii,
718 2968 803 3030 quae
829 2967 872 3009 ex
903 2955 1001 3029 pacto
1025 2968 1045 3010 a
1066 2946 1212 3010 Lanuen-

150 3056 240 3117 sibus
263 3055 304 3118 ad
327 3053 424 3116 finem
448 3055 649 3143 perducitur.
690 3054 726 3121 C.
747 3055 773 3136 J.
798 3054 840 3119 A.
864 3054 893 3115 11
917 3057 980 3133 308
1010 3053 1132 3118 sactum
1166 3063 1214 3116 est

152 3182 263 3225 mense
288 3159 400 3224 Sextili
425 3164 489 3225 288
513 3171 671 3243 regnante
694 3160 863 3225 Demetrio
886 3159 925 3227 ci.
942 3159 983 3223 U.
1000 3162 1043 3223 de
1061 3160 1214 3224 Wilamo·

152 3268 468 3332 witz-Moellendorfs
493 3270 604 3353 Antig.
630 3268 704 3334 Car.
737 3290 768 3351 p.
794 3284 867 3346 244.
914 3266 1073 3348 Quaestio
1104 3277 1213 3331 autem

151 3386 211 3451 est,
243 3396 321 3439 num
352 3376 537 3441 Demetrius
572 3376 642 3459 ipse
675 3376 721 3439 ita
755 3373 822 3437 fieri
858 3375 996 3437 iusserit.
1042 3374 1214 3455 Ussingius

153 3504 181 3547 n.
210 3496 246 3564 55
273 3504 304 3565 p.
334 3496 383 3563 51,
416 3482 557 3547 Pittakes
588 3482 671 3566 Eph.
706 3482 793 3549 arch.
831 3482 924 3560 1056,
957 3481 1069 3563 Egger
1097 3501 1128 3564 p.
1160 3482 1213 3561 69,

153 3590 311 3673 Bergkius
332 3590 488 3658 Ztschr.
523 3590 595 3654 td.
622 3590 664 3657 A.
688 3589 740 3651 W.
779 3591 860 3668 1847
895 3608 929 3671 p.
967 3603 1050 3667 1099
1083 3587 1215 3650 lacunas

153 3698 234 3763 tituli
259 3696 293 3759 C.
307 3698 331 3779 J.
357 3698 397 3761 A.
415 3699 444 3761 11
470 3696 575 3782 30824)
599 3695 681 3761 falso
696 3695 866 3763 sanabant.
913 3694 1215 3777 Erant‘complures

263 3876 295 3946 ⁹⁸)
315 3877 447 3927 Demosth.
472 3893 521 3926 cor.
546 3886 597 3938 279
616 3874 642 3941 ᾗ.
665 3884 722 3939 155,
751 3875 864 3925 Aischin.
894 3874 961 3923 Ctes.
987 3891 1014 3938 p,
1037 3884 1087 3938 549
1106 3872 1131 3940 ξ.
1156 3874 1215 3936 161,

155 3970 205 4025 Cic.
224 3971 276 4025 inv,
299 3968 323 4015 11
344 3979 384 4029 23,
405 3966 438 4027 69
458 3966 520 4015 nihil
539 3968 647 4031 probant
665 3964 725 4027 quia
742 3978 793 4012 non
813 3972 870 4013 sunt
888 3964 986 4012 decreta
1017 3964 1215 4027 magistratuum.

258 4056 291 4124 14)
311 4056 379 4121 Epn,
403 4056 470 4109 aren.
491 4070 548 4103 eum
574 4040 715 4119 στοιχηδὸν
741 4053 847 4117 scriptus
874 4053 912 4112 sn,
933 4052 1024 4101 neura
1041 4068 1065 4105 v,
1086 4067 1105 4112 4
1122 4052 1216 4116 expres

156 4159 234 4217 potest
253 4164 297 4215 per
315 4144 374 4214 p[tu
395 4145 491 4195 ἔλυσαν
510 4145 559 4204 τὰς
578 4144 615 4193 δέ.

1075 4244 1108 4309 3.
