2900 4559
568 282 784 343 ‚3¹7-

146 484 181 537 ut
205 476 247 537 de
271 476 365 538 rebus
390 476 521 558 privatis
546 486 680 558 agerent
704 484 761 538 aut
776 476 955 538 secundum
978 476 1069 557 leges
1085 476 1207 558 patrias

145 592 202 647 aut
230 584 318 664 apud
346 585 553 666 magistratus
585 584 752 646 Romanos
787 581 842 664 qui
873 583 965 647 erant
988 586 1019 646 in
1042 584 1207 665 provincia

146 700 178 754 et
214 692 246 753 in
280 690 371 754 Italia
402 701 457 753 aut
488 692 575 773 apud
603 689 724 754 iudices
754 701 907 755 externos
937 714 978 754 ex
1009 693 1088 755 urbe
1122 712 1208 773 quae

142 798 247 861 fidelis
282 808 314 861 et
347 800 451 861 amica
486 796 736 880 semperluisset.
787 798 867 861 Inde
903 797 1082 879 explicatur
1117 798 1207 879 quod

144 908 207 989 ipsi
234 906 373 969 Romani
400 923 531 968 causam
559 907 718 987 privatam
749 906 831 969 inter
854 904 1035 987 Gytheatas
1063 914 1095 968 et
1124 905 1207 967 duos

148 1016 317 1078 Romanos
340 1032 413 1075 cum
438 1012 498 1094 ipsi
527 1012 700 1075 decernere
731 1013 851 1075 nollent
874 1015 916 1095 (n.
933 1011 1049 1095 LXIV)
1073 1012 1206 1075 Atheni-

146 1122 274 1185 ensibus
283 1120 531 1199 mandaverunt3
543 1130 632 1183 erant
640 1120 728 1182 enim
737 1120 889 1183 Athenae
902 1140 965 1182 una
972 1140 1013 1183 ex
1022 1119 1206 1182 ciuitatibus

145 1248 229 1309 quae
244 1227 375 1291 Ioedere
398 1227 571 1290 utebantur
587 1248 659 1289 cum
675 1226 833 1289 Romanis
849 1227 900 1308 (cs.
918 1226 1106 1308 Marquardt
1124 1234 1206 1291 rim.

146 1336 359 1400 staatsverw.
383 1334 419 1396 ll.
445 1355 476 1416 p.
496 1350 546 1415 73,
572 1332 648 1396 Tac.
667 1354 741 1397 ann.
758 1334 787 1396 II
814 1336 867 1415 53)
899 1343 932 1397 et
961 1343 1052 1396 erant
1074 1332 1206 1396 Xanthii

146 1451 177 1503 et
205 1441 376 1504 Termessii
407 1440 563 1504 Tloenses
591 1441 677 1504 cives
707 1441 809 1519 liberi,
844 1441 1016 1523 Erythraei
1045 1442 1206 1503 immunes

146 1549 214 1611 sine
230 1546 360 1610 loedere
377 1558 409 1610 et
426 1547 515 1610 liberi
528 1545 760 1630 (CXI-CXV)
773 1559 806 1612 et
818 1558 995 1630 praeterea,
1013 1548 1039 1609 si
1055 1546 1206 1629 exempla

145 1654 464 1719 n.CXXI—CXXIV
473 1654 537 1717 huc
547 1663 706 1737 spectant,
725 1655 999 1736 Aphrodisienses
1016 1663 1048 1716 et
1062 1652 1203 1720 Sidetae.

147 1762 194 1825 cf.
232 1762 420 1843 Marquardt
454 1770 534 1827 riim.
561 1762 775 1828 Staatsverw.
804 1762 819 1825 1
850 1778 904 1844 47,
936 1762 1000 1841 346
1034 1782 1093 1842 sq,
1131 1762 1204 1840 364,

147 1882 207 1951 375
234 1890 304 1951 sqq.
332 1868 435 1951 Atqui
458 1868 560 1951 Lycia
588 1868 737 1933 libertate
765 1870 886 1933 donata
915 1877 964 1932 est
992 1870 1053 1932 sub
1076 1868 1205 1931 Nerone

145 1988 200 2039 aut
236 1976 350 2051 Galba,
390 1997 468 2057 ergo
500 1976 637 2039 sortasse
669 1977 750 2040 tituli
781 1975 878 2052 CXII,
908 1976 1007 2050 CXV,
1039 1974 1205 2040 CXXII—

146 2082 281 2147 CXXIV
305 2084 371 2145 eius
395 2092 469 2146 sunt
492 2084 615 2149 aetatis,
662 2084 699 2145 Id
715 2093 825 2147 autem
840 2091 928 2146 certe
943 2084 1086 2166 sequitur
1102 2104 1206 2145 errare

145 2212 201 2253 eos
236 2192 291 2272 qui
320 2190 400 2252 Ditt.
433 2208 496 2271 344
531 2192 574 2274 (n.
604 2190 799 2272 LXXXVII)
832 2188 961 2271 ξενικὸν
995 2190 1206 2274 δικαστήριον

143 2318 260 2360 munus
268 2298 593 2380 praetorisperegrini
601 2297 782 2379 significare
791 2307 913 2379 putant
926 2297 1081 2360 Nonlicet
1089 2305 1204 2377 putare

141 2404 291 2487 Ephesiis
308 2405 348 2467 de
366 2404 461 2467 rebus
478 2406 618 2468 externis
634 2405 871 2486 legislationem
888 2406 1078 2487 permissam
1096 2404 1203 2479 fuisse,

145 2530 219 2573 cum
257 2512 325 2574 aliis
362 2512 546 2574 civitatibus
584 2532 624 2574 ne
669 2514 710 2575 de
754 2512 913 2575 intestinis
955 2500 1087 2595 quidem
1130 2531 1204 2599 con·

142 2638 234 2681 cessa
258 2628 352 2685 esset.

237 2726 325 2788 Ante
338 2726 489 2788 iudicium
502 2726 585 2790 duae
594 2729 757 2792 causaead
767 2728 923 2791 diaetetas
937 2731 1203 2811 perveneruntln.

142 2830 324 2897 LXXXVII
332 2843 366 2897 et
378 2832 548 2917 CXXXII),
558 2837 646 2917 quod
657 2856 735 2897 num
748 2837 877 2915 saepius
886 2834 1007 2896 Iactum
1017 2834 1058 2897 sit
1066 2835 1203 2899 discerni

147 2942 269 3022 nequit.
286 2940 448 3004 Numerus
460 2942 601 3005 iudicum
617 2943 762 3005 diversus
774 2952 824 3005 est
840 2961 946 3022 neque
961 2951 1070 3004 tamen
1086 2953 1204 3025 aequat

143 3066 312 3110 numerum
337 3068 411 3110 eum
435 3068 533 3129 quem
557 3050 588 3110 in
618 3058 710 3128 parte
741 3051 848 3131 priore
877 3049 1065 3115 invenimus.
1113 3050 1203 3112 Missi

142 3161 218 3217 sunt
233 3155 347 3234 optimi
364 3155 422 3217 viri
435 3163 471 3216 ut
487 3174 546 3236 par
560 3166 616 3218 est.
647 3153 731 3219 Eam
747 3158 790 3220 ob
807 3175 937 3218 causam
954 3176 1036 3217 unus
1052 3156 1202 3238 idemque

147 3262 274 3343 saepius
290 3261 458 3343 ablegatus
475 3271 524 3324 est
547 3271 583 3324 ut
599 3282 649 3324 nn.
665 3261 1011 3326 LXXXI—LXXXIII
1026 3260 1201 3339 Diodotus,

143 3366 311 3449 Cleonymi
340 3366 432 3443 filius,
466 3368 563 3431 iudex
599 3378 630 3432 et
664 3388 695 3432 n.
728 3368 864 3432 LXXIX
898 3378 931 3432 et
959 3366 1065 3432 XCIV
1098 3371 1203 3434 scriba

145 3475 334 3555 Hegepolis,
348 3474 475 3555 Hegiae
487 3472 576 3538 lilius,
602 3474 799 3557 Saepissime
822 3477 909 3539 enim
924 3475 1029 3539 scriba
1043 3477 1203 3541 iudicibus

144 3582 273 3644 additus
319 3592 376 3657 est,
423 3581 523 3645 semel
568 3583 634 3645 duo
677 3584 802 3647 scribae
840 3584 879 3645 iis
916 3584 1136 3663 adiunguntur
1172 3604 1201 3649 n.

144 3688 334 3754 CXXXVII.
381 3688 446 3752 Cur
476 3688 523 3751 Le
546 3687 610 3753 Bas
633 3690 661 3751 Π
685 3704 737 3770 35,
773 3702 787 3768 5
822 3698 855 3752 et
894 3690 931 3755 18
963 3690 1005 3771 (n.
1022 3688 1202 3775 LXXXVI)

146 3795 251 3858 scriba
274 3794 325 3857 ille
349 3796 534 3858 nomInetur
564 3792 844 3881 ὑπογραμματεύς,
879 3815 945 3859 non
968 3795 1079 3879 liquet,
1111 3819 1142 3865 v.
1160 3814 1202 3879 39

146 3903 231 3965 enim
265 3899 446 3984 appellatur
480 3902 693 3987 γραμματεύς.
739 3904 787 3967 Le
816 3904 879 3966 Bas
907 3903 939 3967 11
964 3916 1003 3982 35
1036 3914 1202 3984 praeterea

144 4009 348 4071 demonstrat
381 4009 521 4071 scribam
555 4030 621 4073 non
655 4030 785 4091 semper
818 4011 999 4090 expetitum
1035 4030 1106 4074 esse
1144 4012 1202 4076 sed

145 4116 295 4179 additum
317 4136 337 4179 a
360 4116 489 4181 civitate
512 4115 623 4179 aliena.
669 4119 839 4182 Praeterea
863 4119 955 4181 adest
971 4118 1203 4202 dicastagogus
