<?xml version="1.0" encoding="UTF-8"?>
<!DOCTYPE html PUBLIC "-//W3C//DTD XHTML 1.0 Transitional//EN"
    "http://www.w3.org/TR/xhtml1/DTD/xhtml1-transitional.dtd">
<html xmlns="http://www.w3.org/1999/xhtml" xml:lang="en" lang="en">
 <head>
  <title>
</title>
<meta http-equiv="Content-Type" content="text/html;charset=utf-8" />
  <meta name='ocr-system' content='tesseract 3.04.00' />
  <meta name='ocr-capabilities' content='ocr_page ocr_carea ocr_par ocr_line ocrx_word'/>
</head>
<body>
  <div class='ocr_page' id='page_1' title='image "./dearbitrisexter00sonngoog_0121.png"; bbox 0 0 2900 4559; ppageno 0'>
   <div class='ocr_carea' id='block_1_1' title="bbox 549 288 792 350">
    <p class='ocr_par' dir='ltr' id='par_1_1' title="bbox 549 288 792 350">
     <span class='ocr_line' id='line_1_1' title="bbox 549 288 792 350; baseline -0.004 0"><span class='ocrx_word' id='word_1_1' title='bbox 549 288 792 350; x_wconf 72' lang='lat'>-117-</span> 
     </span>
    </p>
   </div>
   <div class='ocr_carea' id='block_1_2' title="bbox 136 476 1205 2805">
    <p class='ocr_par' dir='ltr' id='par_1_2' title="bbox 136 476 1205 2805">
     <span class='ocr_line' id='line_1_2' title="bbox 141 476 1205 565; baseline 0.004 -24"><span class='ocrx_word' id='word_1_2' title='bbox 141 478 318 563; x_wconf 88' lang='grc' dir='ltr'><strong><em>δημάρχων</em></strong></span> <span class='ocrx_word' id='word_1_3' title='bbox 351 476 404 543; x_wconf 85' lang='grc' dir='ltr'><strong><em>διά</em></strong></span> <span class='ocrx_word' id='word_1_4' title='bbox 433 480 506 557; x_wconf 88' lang='grc' dir='ltr'><strong><em>βίου</em></strong></span> <span class='ocrx_word' id='word_1_5' title='bbox 535 476 618 562; x_wconf 87' lang='grc' dir='ltr'><strong><em>ἐχειν</em></strong></span> <span class='ocrx_word' id='word_1_6' title='bbox 648 482 703 545; x_wconf 84' lang='grc' dir='ltr'><strong><em>καὶ</em></strong></span> <span class='ocrx_word' id='word_1_7' title='bbox 735 494 802 555; x_wconf 81' lang='grc' dir='ltr'><strong><em>τοῖς</em></strong></span> <span class='ocrx_word' id='word_1_8' title='bbox 836 480 1067 565; x_wconf 75' lang='grc' dir='ltr'><strong><em>ἐπιβοωμένοις</em></strong></span> <span class='ocrx_word' id='word_1_9' title='bbox 1101 478 1205 547; x_wconf 82' lang='grc' dir='ltr'><strong><em>αὐτόν</em></strong></span> 
     </span>
     <span class='ocr_line' id='line_1_3' title="bbox 139 584 1204 673; baseline 0.003 -24"><span class='ocrx_word' id='word_1_10' title='bbox 139 587 195 650; x_wconf 88' lang='grc' dir='ltr'><strong><em>καὶ</em></strong></span> <span class='ocrx_word' id='word_1_11' title='bbox 218 584 311 662; x_wconf 84' lang='grc' dir='ltr'><strong><em>ἐντός</em></strong></span> <span class='ocrx_word' id='word_1_12' title='bbox 333 594 394 651; x_wconf 86' lang='grc' dir='ltr'><strong><em>τοῦ</em></strong></span> <span class='ocrx_word' id='word_1_13' title='bbox 416 588 590 671; x_wconf 88' lang='grc' dir='ltr'><strong><em>πωμηρίου</em></strong></span> <span class='ocrx_word' id='word_1_14' title='bbox 604 589 661 651; x_wconf 81' lang='grc' dir='ltr'><strong><em>καὶ</em></strong></span> <span class='ocrx_word' id='word_1_15' title='bbox 676 584 741 671; x_wconf 78' lang='grc' dir='ltr'><strong><em>ἐξω</em></strong></span> <span class='ocrx_word' id='word_1_16' title='bbox 754 587 863 671; x_wconf 79' lang='grc' dir='ltr'><strong><em>μέχρις</em></strong></span> <span class='ocrx_word' id='word_1_17' title='bbox 879 586 997 671; x_wconf 88' lang='grc' dir='ltr'><strong><em>όγόόου</em></strong></span> <span class='ocrx_word' id='word_1_18' title='bbox 1012 585 1204 673; x_wconf 80' lang='grc' dir='ltr'><strong><em>ἡμισταδίου</em></strong></span> 
     </span>
     <span class='ocr_line' id='line_1_4' title="bbox 140 689 1203 778; baseline 0.004 -23"><span class='ocrx_word' id='word_1_19' title='bbox 140 690 335 775; x_wconf 86' lang='grc' dir='ltr'><strong><em>ἀμύνειν...</em></strong></span> <span class='ocrx_word' id='word_1_20' title='bbox 351 740 356 754; x_wconf 97' lang='grc'>.</span> <span class='ocrx_word' id='word_1_21' title='bbox 384 689 546 777; x_wconf 74' lang='grc' dir='ltr'><strong><em>ἔκκλητον</em></strong></span> <span class='ocrx_word' id='word_1_22' title='bbox 569 717 604 759; x_wconf 85' lang='grc' dir='ltr'><strong><em>τε</em></strong></span> <span class='ocrx_word' id='word_1_23' title='bbox 629 692 775 776; x_wconf 71' lang='grc' dir='ltr'><strong><em>δικάζειν</em></strong></span> <span class='ocrx_word' id='word_1_24' title='bbox 797 695 852 757; x_wconf 85' lang='grc' dir='ltr'><strong><em>καὶ</em></strong></span> <span class='ocrx_word' id='word_1_25' title='bbox 876 694 994 778; x_wconf 79' lang='grc' dir='ltr'><strong><em>ψῆφόν</em></strong></span> <span class='ocrx_word' id='word_1_26' title='bbox 1007 718 1084 761; x_wconf 94' lang='grc' dir='ltr'><strong><em>τινα</em></strong></span> <span class='ocrx_word' id='word_1_27' title='bbox 1099 692 1203 760; x_wconf 82' lang='grc' dir='ltr'><strong><em>αὐτοῦ</em></strong></span> 
     </span>
     <span class='ocr_line' id='line_1_5' title="bbox 141 790 1201 886; baseline 0.002 -24"><span class='ocrx_word' id='word_1_28' title='bbox 141 798 177 862; x_wconf 87' lang='grc' dir='ltr'><strong><em>ἐν</em></strong></span> <span class='ocrx_word' id='word_1_29' title='bbox 199 807 280 863; x_wconf 85' lang='grc' dir='ltr'><strong><em>πάσι</em></strong></span> <span class='ocrx_word' id='word_1_30' title='bbox 301 812 370 874; x_wconf 83' lang='grc' dir='ltr'><strong><em>τοῖς</em></strong></span> <span class='ocrx_word' id='word_1_31' title='bbox 400 799 620 884; x_wconf 77' lang='grc' dir='ltr'><strong><em>δικαστηρίοις</em></strong></span> <span class='ocrx_word' id='word_1_32' title='bbox 642 794 752 885; x_wconf 80' lang='grc' dir='ltr'><strong><em>ὥσπερ</em></strong></span> <span class='ocrx_word' id='word_1_33' title='bbox 775 790 915 885; x_wconf 62' lang='grc' dir='ltr'><strong><em>Ἀθηνᾶς</em></strong></span> <span class='ocrx_word' id='word_1_34' title='bbox 942 801 1115 886; x_wconf 79' lang='grc' dir='ltr'><strong><em>φέρεσθαι,</em></strong></span> <span class='ocrx_word' id='word_1_35' title='bbox 1151 819 1201 881; x_wconf 88' lang='lat'><strong><em>52,</em></strong></span> 
     </span>
     <span class='ocr_line' id='line_1_6' title="bbox 145 896 1203 992; baseline 0.005 -24"><span class='ocrx_word' id='word_1_36' title='bbox 145 924 185 968; x_wconf 89' lang='lat'><strong><em>22</em></strong></span> <span class='ocrx_word' id='word_1_37' title='bbox 224 902 242 971; x_wconf 88' lang='grc' dir='ltr'>ὁ</span> <span class='ocrx_word' id='word_1_38' title='bbox 281 896 310 970; x_wconf 83' lang='grc' dir='ltr'><strong><em>δ’</em></strong></span> <span class='ocrx_word' id='word_1_39' title='bbox 348 898 408 971; x_wconf 80' lang='grc' dir='ltr'><strong><em>οὖν</em></strong></span> <span class='ocrx_word' id='word_1_40' title='bbox 442 902 638 983; x_wconf 81' lang='grc' dir='ltr'><strong><em>ὑπατευκώς</em></strong></span> <span class='ocrx_word' id='word_1_41' title='bbox 671 906 780 972; x_wconf 85' lang='grc' dir='ltr'><strong><em>ταῦτά</em></strong></span> <span class='ocrx_word' id='word_1_42' title='bbox 816 930 853 972; x_wconf 92' lang='grc' dir='ltr'><strong><em>τε</em></strong></span> <span class='ocrx_word' id='word_1_43' title='bbox 891 909 948 971; x_wconf 87' lang='grc' dir='ltr'><strong><em>καὶ</em></strong></span> <span class='ocrx_word' id='word_1_44' title='bbox 979 909 1114 992; x_wconf 91' lang='grc' dir='ltr'><strong><em>προςέτι</em></strong></span> <span class='ocrx_word' id='word_1_45' title='bbox 1147 910 1203 973; x_wconf 84' lang='grc' dir='ltr'><strong><em>καὶ</em></strong></span> 
     </span>
     <span class='ocr_line' id='line_1_7' title="bbox 141 1010 1203 1099; baseline 0.001 -22"><span class='ocrx_word' id='word_1_46' title='bbox 141 1010 201 1087; x_wconf 87' lang='grc' dir='ltr'><strong><em>τάς</em></strong></span> <span class='ocrx_word' id='word_1_47' title='bbox 243 1015 334 1089; x_wconf 89' lang='grc' dir='ltr'><strong><em>δίκας</em></strong></span> <span class='ocrx_word' id='word_1_48' title='bbox 368 1013 429 1088; x_wconf 87' lang='grc' dir='ltr'><strong><em>τάς</em></strong></span> <span class='ocrx_word' id='word_1_49' title='bbox 468 1036 504 1077; x_wconf 86' lang='grc' dir='ltr'><strong><em>τε</em></strong></span> <span class='ocrx_word' id='word_1_50' title='bbox 543 1010 721 1097; x_wconf 76' lang='grc' dir='ltr'><strong><em>ἐκκλήτους</em></strong></span> <span class='ocrx_word' id='word_1_51' title='bbox 760 1015 816 1078; x_wconf 90' lang='grc' dir='ltr'><strong><em>καὶ</em></strong></span> <span class='ocrx_word' id='word_1_52' title='bbox 854 1012 915 1089; x_wconf 89' lang='grc' dir='ltr'><strong><em>τάς</em></strong></span> <span class='ocrx_word' id='word_1_53' title='bbox 951 1012 1203 1099; x_wconf 90' lang='grc' dir='ltr'><strong><em>ἀναπομπίμους</em></strong></span> 
     </span>
     <span class='ocr_line' id='line_1_8' title="bbox 141 1116 1200 1206; baseline 0.001 -22"><span class='ocrx_word' id='word_1_54' title='bbox 141 1118 202 1194; x_wconf 88' lang='grc' dir='ltr'><strong><em>τάς</em></strong></span> <span class='ocrx_word' id='word_1_55' title='bbox 232 1116 299 1185; x_wconf 86' lang='grc' dir='ltr'><strong><em>ἀπό</em></strong></span> <span class='ocrx_word' id='word_1_56' title='bbox 321 1128 392 1185; x_wconf 79' lang='grc' dir='ltr'><strong><em>τῶν</em></strong></span> <span class='ocrx_word' id='word_1_57' title='bbox 423 1128 615 1205; x_wconf 81' lang='grc' dir='ltr'><strong><em>στρατηγῶν</em></strong></span> <span class='ocrx_word' id='word_1_58' title='bbox 645 1116 740 1205; x_wconf 78' lang='grc' dir='ltr'><strong><em>αὐτῷ</em></strong></span> <span class='ocrx_word' id='word_1_59' title='bbox 771 1120 939 1201; x_wconf 86' lang='grc' dir='ltr'><strong><em>φοιτώσας</em></strong></span> <span class='ocrx_word' id='word_1_60' title='bbox 967 1122 1117 1206; x_wconf 90' lang='grc' dir='ltr'><strong><em>κρινέτω,</em></strong></span> <span class='ocrx_word' id='word_1_61' title='bbox 1151 1134 1200 1201; x_wconf 85' lang='lat'><strong><em>59,</em></strong></span> 
     </span>
     <span class='ocr_line' id='line_1_9' title="bbox 142 1221 1203 1313; baseline 0.003 -23"><span class='ocrx_word' id='word_1_62' title='bbox 142 1230 160 1289; x_wconf 90' lang='lat'>8</span> <span class='ocrx_word' id='word_1_63' title='bbox 190 1227 328 1312; x_wconf 81' lang='grc' dir='ltr'><strong><em>Ίίβέριος</em></strong></span> <span class='ocrx_word' id='word_1_64' title='bbox 351 1221 459 1303; x_wconf 76' lang='grc' dir='ltr'><strong><em>οὕτως</em></strong></span> <span class='ocrx_word' id='word_1_65' title='bbox 489 1223 594 1291; x_wconf 83' lang='grc' dir='ltr'><strong><em>αὐτὸν</em></strong></span> <span class='ocrx_word' id='word_1_66' title='bbox 626 1224 787 1311; x_wconf 78' lang='grc' dir='ltr'><strong><em>ἐτίμησεν,</em></strong></span> <span class='ocrx_word' id='word_1_67' title='bbox 815 1222 899 1292; x_wconf 80' lang='grc' dir='ltr'><strong><em>ὥστε</em></strong></span> <span class='ocrx_word' id='word_1_68' title='bbox 928 1228 1010 1312; x_wconf 78' lang='grc' dir='ltr'><strong><em>μήτε</em></strong></span> <span class='ocrx_word' id='word_1_69' title='bbox 1041 1226 1203 1313; x_wconf 75' lang='grc' dir='ltr'><strong><em>ἔκκλητον</em></strong></span> 
     </span>
     <span class='ocr_line' id='line_1_10' title="bbox 141 1324 1203 1421; baseline 0.002 -24"><span class='ocrx_word' id='word_1_70' title='bbox 141 1357 221 1399; x_wconf 89' lang='grc' dir='ltr'><strong><em>ποτε</em></strong></span> <span class='ocrx_word' id='word_1_71' title='bbox 255 1325 314 1397; x_wconf 77' lang='grc' dir='ltr'><strong><em>ἀπ’</em></strong></span> <span class='ocrx_word' id='word_1_72' title='bbox 343 1330 447 1400; x_wconf 84' lang='grc' dir='ltr'><strong><em>αάτοῦ</em></strong></span> <span class='ocrx_word' id='word_1_73' title='bbox 481 1333 611 1397; x_wconf 89' lang='grc' dir='ltr'><strong><em>δικάσαι</em></strong></span> <span class='ocrx_word' id='word_1_74' title='bbox 641 1332 796 1415; x_wconf 76' lang='grc' dir='ltr'><strong><em>ἐθελῆσαι</em></strong></span> <span class='ocrx_word' id='word_1_75' title='bbox 829 1324 905 1398; x_wconf 75' lang='grc' dir='ltr'><strong><em>ἀλλ’</em></strong></span> <span class='ocrx_word' id='word_1_76' title='bbox 939 1332 1054 1421; x_wconf 83' lang='grc' dir='ltr'><strong><em>ἐκείνῳ</em></strong></span> <span class='ocrx_word' id='word_1_77' title='bbox 1090 1335 1203 1401; x_wconf 91' lang='grc' dir='ltr'><strong><em>πάντα</em></strong></span> 
     </span>
     <span class='ocr_line' id='line_1_11' title="bbox 139 1433 1202 1525; baseline 0.001 -21"><span class='ocrx_word' id='word_1_78' title='bbox 139 1433 238 1515; x_wconf 77' lang='grc' dir='ltr'><strong><em>αὖθις</em></strong></span> <span class='ocrx_word' id='word_1_79' title='bbox 276 1439 319 1505; x_wconf 87' lang='grc' dir='ltr'><strong><em>τά</em></strong></span> <span class='ocrx_word' id='word_1_80' title='bbox 357 1449 496 1505; x_wconf 82' lang='grc' dir='ltr'><strong><em>τοιαῦτα</em></strong></span> <span class='ocrx_word' id='word_1_81' title='bbox 534 1439 715 1525; x_wconf 77' lang='grc' dir='ltr'><strong><em>ἐγχειρίσαι.</em></strong></span> <span class='ocrx_word' id='word_1_82' title='bbox 767 1440 834 1504; x_wconf 86' lang='lat' dir='ltr'><strong><em>Sed</em></strong></span> <span class='ocrx_word' id='word_1_83' title='bbox 872 1443 990 1504; x_wconf 84' lang='lat' dir='ltr'>erravit</span> <span class='ocrx_word' id='word_1_84' title='bbox 1028 1444 1092 1505; x_wconf 88' lang='lat' dir='ltr'>iam</span> <span class='ocrx_word' id='word_1_85' title='bbox 1128 1451 1202 1505; x_wconf 85' lang='lat' dir='ltr'>ante</span> 
     </span>
     <span class='ocr_line' id='line_1_12' title="bbox 141 1546 1201 1627; baseline 0.004 -16"><span class='ocrx_word' id='word_1_86' title='bbox 141 1568 215 1611; x_wconf 90' lang='lat' dir='ltr'><strong><em>eum</em></strong></span> <span class='ocrx_word' id='word_1_87' title='bbox 238 1547 428 1611; x_wconf 86' lang='lat' dir='ltr'>Plutarchus</span> <span class='ocrx_word' id='word_1_88' title='bbox 458 1548 500 1610; x_wconf 93' lang='lat' dir='ltr'><strong><em>de</em></strong></span> <span class='ocrx_word' id='word_1_89' title='bbox 524 1548 758 1627; x_wconf 85' lang='lat' dir='ltr'>provocatione</span> <span class='ocrx_word' id='word_1_90' title='bbox 781 1546 820 1614; x_wconf 85' lang='lat' dir='ltr'><strong><em>cs.</em></strong></span> <span class='ocrx_word' id='word_1_91' title='bbox 838 1547 970 1611; x_wconf 87' lang='lat' dir='ltr'>Schoell</span> <span class='ocrx_word' id='word_1_92' title='bbox 993 1549 1011 1610; x_wconf 93' lang='lat' dir='ltr'><strong><em>l.</em></strong></span> <span class='ocrx_word' id='word_1_93' title='bbox 1030 1550 1047 1611; x_wconf 94' lang='lat' dir='ltr'><strong><em>l.</em></strong></span> <span class='ocrx_word' id='word_1_94' title='bbox 1066 1550 1108 1611; x_wconf 87' lang='lat' dir='ltr'><strong><em>ad</em></strong></span> <span class='ocrx_word' id='word_1_95' title='bbox 1133 1548 1201 1615; x_wconf 86' lang='lat' dir='ltr'>Sol.</span> 
     </span>
     <span class='ocr_line' id='line_1_13' title="bbox 138 1654 1202 1736; baseline -0.001 -18"><span class='ocrx_word' id='word_1_96' title='bbox 138 1656 244 1718; x_wconf 88' lang='lat' dir='ltr'>XVIII</span> <span class='ocrx_word' id='word_1_97' title='bbox 280 1676 312 1736; x_wconf 90' lang='lat' dir='ltr'><strong><em>p.</em></strong></span> <span class='ocrx_word' id='word_1_98' title='bbox 347 1656 387 1717; x_wconf 88' lang='lat'><strong><em>88</em></strong></span> <span class='ocrx_word' id='word_1_99' title='bbox 423 1663 455 1716; x_wconf 94' lang='lat' dir='ltr'><strong><em>et</em></strong></span> <span class='ocrx_word' id='word_1_100' title='bbox 489 1654 640 1716; x_wconf 83' lang='lat' dir='ltr'>Ps.P1ut.</span> <span class='ocrx_word' id='word_1_101' title='bbox 667 1654 749 1717; x_wconf 88' lang='lat' dir='ltr'><strong>Mor.</strong></span> <span class='ocrx_word' id='word_1_102' title='bbox 775 1675 807 1735; x_wconf 88' lang='lat' dir='ltr'><strong><em>p.</em></strong></span> <span class='ocrx_word' id='word_1_103' title='bbox 837 1657 897 1735; x_wconf 86' lang='lat'><strong><em>178</em></strong></span> <span class='ocrx_word' id='word_1_104' title='bbox 937 1655 972 1716; x_wconf 89' lang='lat' dir='ltr'><strong><em>F.</em></strong></span> <span class='ocrx_word' id='word_1_105' title='bbox 998 1684 1042 1710; x_wconf 96' lang='lat'>=</span> <span class='ocrx_word' id='word_1_106' title='bbox 1076 1675 1144 1735; x_wconf 86' lang='lat' dir='ltr'>reg.</span> <span class='ocrx_word' id='word_1_107' title='bbox 1169 1664 1202 1717; x_wconf 85' lang='lat' dir='ltr'><strong><em>et</em></strong></span> 
     </span>
     <span class='ocr_line' id='line_1_14' title="bbox 140 1759 1202 1849; baseline 0.003 -27"><span class='ocrx_word' id='word_1_108' title='bbox 140 1765 215 1843; x_wconf 87' lang='lat' dir='ltr'><strong>imp.</strong></span> <span class='ocrx_word' id='word_1_109' title='bbox 242 1760 397 1843; x_wconf 90' lang='lat' dir='ltr'><strong>apophth.</strong></span> <span class='ocrx_word' id='word_1_110' title='bbox 416 1781 445 1822; x_wconf 89' lang='lat' dir='ltr'><strong><em>n.</em></strong></span> <span class='ocrx_word' id='word_1_111' title='bbox 466 1777 507 1837; x_wconf 87' lang='lat'><strong><em>24</em></strong></span> <span class='ocrx_word' id='word_1_112' title='bbox 530 1762 683 1849; x_wconf 76' lang='grc' dir='ltr'><strong><em>Μαχαίτᾳ</em></strong></span> <span class='ocrx_word' id='word_1_113' title='bbox 707 1759 743 1824; x_wconf 86' lang='grc' dir='ltr'><strong><em>δέ</em></strong></span> <span class='ocrx_word' id='word_1_114' title='bbox 770 1783 839 1825; x_wconf 92' lang='grc' dir='ltr'><strong><em>τινι</em></strong></span> <span class='ocrx_word' id='word_1_115' title='bbox 865 1762 993 1844; x_wconf 90' lang='grc' dir='ltr'><strong><em>κρίνων</em></strong></span> <span class='ocrx_word' id='word_1_116' title='bbox 1021 1761 1118 1847; x_wconf 92' lang='grc' dir='ltr'><strong><em>δίκην</em></strong></span> <span class='ocrx_word' id='word_1_117' title='bbox 1147 1762 1202 1825; x_wconf 92' lang='grc' dir='ltr'><strong><em>καὶ</em></strong></span> 
     </span>
     <span class='ocr_line' id='line_1_15' title="bbox 139 1864 1202 1950; baseline 0 -18"><span class='ocrx_word' id='word_1_118' title='bbox 139 1864 391 1950; x_wconf 74' lang='grc' dir='ltr'><strong><em>ὑπονυστάζων,</em></strong></span> <span class='ocrx_word' id='word_1_119' title='bbox 433 1864 472 1931; x_wconf 86' lang='grc' dir='ltr'><strong><em>οά</em></strong></span> <span class='ocrx_word' id='word_1_120' title='bbox 510 1865 602 1931; x_wconf 91' lang='grc' dir='ltr'><strong><em>πάνυ</em></strong></span> <span class='ocrx_word' id='word_1_121' title='bbox 639 1879 784 1950; x_wconf 85' lang='grc' dir='ltr'><strong><em>προςεῖχε</em></strong></span> <span class='ocrx_word' id='word_1_122' title='bbox 822 1879 891 1943; x_wconf 80' lang='grc' dir='ltr'><strong><em>τοῖς</em></strong></span> <span class='ocrx_word' id='word_1_123' title='bbox 929 1867 1076 1946; x_wconf 89' lang='grc' dir='ltr'><strong><em>δικαίοις,</em></strong></span> <span class='ocrx_word' id='word_1_124' title='bbox 1115 1864 1202 1932; x_wconf 87' lang='grc' dir='ltr'><strong><em>ἀλλά</em></strong></span> 
     </span>
     <span class='ocr_line' id='line_1_16' title="bbox 137 1969 1203 2059; baseline 0 -20"><span class='ocrx_word' id='word_1_125' title='bbox 137 1975 317 2059; x_wconf 88' lang='grc' dir='ltr'><strong><em>κατέκρινε·</em></strong></span> <span class='ocrx_word' id='word_1_126' title='bbox 357 1972 484 2038; x_wconf 91' lang='grc' dir='ltr'><strong><em>ἐκείνου</em></strong></span> <span class='ocrx_word' id='word_1_127' title='bbox 523 1973 558 2037; x_wconf 80' lang='grc' dir='ltr'><strong><em>δὲ</em></strong></span> <span class='ocrx_word' id='word_1_128' title='bbox 600 1969 844 2057; x_wconf 80' lang='grc' dir='ltr'><strong><em>ἀναβοήσαντος</em></strong></span> <span class='ocrx_word' id='word_1_129' title='bbox 889 1972 1101 2039; x_wconf 79' lang='grc' dir='ltr'><strong><em>ἐκκαλεῖσθαι</em></strong></span> <span class='ocrx_word' id='word_1_130' title='bbox 1140 1975 1203 2059; x_wconf 81' lang='grc' dir='ltr'><strong><em>τὴν</em></strong></span> 
     </span>
     <span class='ocr_line' id='line_1_17' title="bbox 137 2072 1202 2167; baseline -0.002 -20"><span class='ocrx_word' id='word_1_131' title='bbox 137 2084 257 2167; x_wconf 84' lang='grc' dir='ltr'><strong><em>κρίσιν,</em></strong></span> <span class='ocrx_word' id='word_1_132' title='bbox 282 2082 487 2167; x_wconf 79' lang='grc' dir='ltr'><strong><em>διοργισθείς·</em></strong></span> <span class='ocrx_word' id='word_1_133' title='bbox 512 2078 565 2145; x_wconf 84' lang='grc' dir='ltr'><strong><em>ἐπὶ</em></strong></span> <span class='ocrx_word' id='word_1_134' title='bbox 588 2082 672 2154; x_wconf 91' lang='grc' dir='ltr'><strong><em>τίνα,</em></strong></span> <span class='ocrx_word' id='word_1_135' title='bbox 702 2075 774 2145; x_wconf 86' lang='grc' dir='ltr'><strong><em>είπε</em></strong></span> <span class='ocrx_word' id='word_1_136' title='bbox 796 2101 838 2143; x_wconf 91' lang='lat' dir='ltr'><strong><em>sc.</em></strong></span> <span class='ocrx_word' id='word_1_137' title='bbox 860 2082 1027 2157; x_wconf 85' lang='grc' dir='ltr'><strong><em>Φίλιππος</em></strong></span> <span class='ocrx_word' id='word_1_138' title='bbox 1057 2072 1202 2162; x_wconf 65' lang='grc' dir='ltr'><strong><em>Ἀλεξάν-</em></strong></span> 
     </span>
     <span class='ocr_line' id='line_1_18' title="bbox 137 2184 1202 2274; baseline -0.002 -21"><span class='ocrx_word' id='word_1_139' title='bbox 137 2191 215 2274; x_wconf 91' lang='grc' dir='ltr'><strong><em>δρου</em></strong></span> <span class='ocrx_word' id='word_1_140' title='bbox 239 2188 358 2272; x_wconf 79' lang='grc' dir='ltr'><strong><em>πατήρ.</em></strong></span> <span class='ocrx_word' id='word_1_141' title='bbox 405 2188 537 2251; x_wconf 86' lang='lat' dir='ltr'>Lucian.</span> <span class='ocrx_word' id='word_1_142' title='bbox 555 2188 606 2250; x_wconf 93' lang='lat' dir='ltr'>bis</span> <span class='ocrx_word' id='word_1_143' title='bbox 628 2203 774 2263; x_wconf 82' lang='lat' dir='ltr'>accus4</span> <span class='ocrx_word' id='word_1_144' title='bbox 797 2184 922 2268; x_wconf 79' lang='grc' dir='ltr'><strong><em>ἐφιέναι</em></strong></span> <span class='ocrx_word' id='word_1_145' title='bbox 944 2186 1025 2251; x_wconf 81' lang='lat' dir='ltr'>falso</span> <span class='ocrx_word' id='word_1_146' title='bbox 1056 2190 1097 2251; x_wconf 91' lang='lat' dir='ltr'><strong><em>de</em></strong></span> <span class='ocrx_word' id='word_1_147' title='bbox 1127 2210 1202 2270; x_wconf 90' lang='lat' dir='ltr'><strong>pro-</strong></span> 
     </span>
     <span class='ocr_line' id='line_1_19' title="bbox 136 2294 1201 2377; baseline 0.001 -20"><span class='ocrx_word' id='word_1_148' title='bbox 136 2296 310 2359; x_wconf 86' lang='lat' dir='ltr'>vocatione</span> <span class='ocrx_word' id='word_1_149' title='bbox 334 2303 477 2377; x_wconf 86' lang='lat' dir='ltr'><strong>usurpat.</strong></span> <span class='ocrx_word' id='word_1_150' title='bbox 522 2295 637 2376; x_wconf 90' lang='lat' dir='ltr'>Neque</span> <span class='ocrx_word' id='word_1_151' title='bbox 670 2294 788 2357; x_wconf 89' lang='lat' dir='ltr'>mirum</span> <span class='ocrx_word' id='word_1_152' title='bbox 820 2303 880 2368; x_wconf 91' lang='lat' dir='ltr'>est,</span> <span class='ocrx_word' id='word_1_153' title='bbox 915 2295 1014 2377; x_wconf 90' lang='lat' dir='ltr'>quod,</span> <span class='ocrx_word' id='word_1_154' title='bbox 1047 2296 1201 2376; x_wconf 84' lang='lat' dir='ltr'>quoniam</span> 
     </span>
     <span class='ocr_line' id='line_1_20' title="bbox 138 2400 1201 2483; baseline 0.001 -19"><span class='ocrx_word' id='word_1_155' title='bbox 138 2424 253 2465; x_wconf 89' lang='lat' dir='ltr'>omnes</span> <span class='ocrx_word' id='word_1_156' title='bbox 287 2402 329 2465; x_wconf 85' lang='lat' dir='ltr'>illi</span> <span class='ocrx_word' id='word_1_157' title='bbox 359 2403 534 2481; x_wconf 83' lang='lat' dir='ltr'><strong>scriptores</strong></span> <span class='ocrx_word' id='word_1_158' title='bbox 566 2400 709 2463; x_wconf 87' lang='lat' dir='ltr'>historici</span> <span class='ocrx_word' id='word_1_159' title='bbox 743 2410 776 2463; x_wconf 90' lang='lat' dir='ltr'><strong><em>et</em></strong></span> <span class='ocrx_word' id='word_1_160' title='bbox 805 2402 1008 2483; x_wconf 83' lang='lat' dir='ltr'>grammatici</span> <span class='ocrx_word' id='word_1_161' title='bbox 1038 2404 1201 2466; x_wconf 90' lang='lat' dir='ltr'>erroribus</span> 
     </span>
     <span class='ocr_line' id='line_1_21' title="bbox 137 2506 1202 2589; baseline 0 -18"><span class='ocrx_word' id='word_1_162' title='bbox 137 2510 285 2589; x_wconf 87' lang='lat' dir='ltr'>impliciti</span> <span class='ocrx_word' id='word_1_163' title='bbox 316 2518 416 2583; x_wconf 84' lang='lat' dir='ltr'>erant,</span> <span class='ocrx_word' id='word_1_164' title='bbox 442 2509 541 2571; x_wconf 88' lang='lat' dir='ltr'>etiam</span> <span class='ocrx_word' id='word_1_165' title='bbox 566 2506 710 2586; x_wconf 82' lang='lat' dir='ltr'>Georgio</span> <span class='ocrx_word' id='word_1_166' title='bbox 733 2507 956 2589; x_wconf 86' lang='lat' dir='ltr'>Pachymerae</span> <span class='ocrx_word' id='word_1_167' title='bbox 980 2508 1021 2570; x_wconf 84' lang='lat' dir='ltr'><strong><em>de</em></strong></span> <span class='ocrx_word' id='word_1_168' title='bbox 1044 2509 1202 2571; x_wconf 86' lang='lat' dir='ltr'>Michaeie</span> 
     </span>
     <span class='ocr_line' id='line_1_22' title="bbox 137 2614 1202 2698; baseline -0.001 -20"><span class='ocrx_word' id='word_1_169' title='bbox 137 2616 334 2698; x_wconf 84' lang='lat' dir='ltr'>Palaeologo</span> <span class='ocrx_word' id='word_1_170' title='bbox 369 2615 422 2679; x_wconf 91' lang='lat' dir='ltr'>lib.</span> <span class='ocrx_word' id='word_1_171' title='bbox 448 2616 480 2679; x_wconf 95' lang='lat' dir='ltr'>V</span> <span class='ocrx_word' id='word_1_172' title='bbox 515 2636 546 2696; x_wconf 94' lang='lat' dir='ltr'><strong><em>p.</em></strong></span> <span class='ocrx_word' id='word_1_173' title='bbox 581 2626 641 2693; x_wconf 83' lang='lat'><strong><em>255</em></strong></span> <span class='ocrx_word' id='word_1_174' title='bbox 678 2614 709 2677; x_wconf 88' lang='grc' dir='ltr'><em>Α</em></span> <span class='ocrx_word' id='word_1_175' title='bbox 744 2634 790 2695; x_wconf 93' lang='lat' dir='ltr'><strong><em>sq.</em></strong></span> <span class='ocrx_word' id='word_1_176' title='bbox 822 2634 892 2693; x_wconf 86' lang='lat' dir='ltr'><strong><em>cap.</em></strong></span> <span class='ocrx_word' id='word_1_177' title='bbox 922 2631 959 2676; x_wconf 91' lang='lat'><strong><em>12</em></strong></span> <span class='ocrx_word' id='word_1_178' title='bbox 998 2614 1125 2689; x_wconf 82' lang='lat' dir='ltr'>accidit,</span> <span class='ocrx_word' id='word_1_179' title='bbox 1167 2623 1202 2677; x_wconf 92' lang='lat' dir='ltr'><strong><em>ut</em></strong></span> 
     </span>
     <span class='ocr_line' id='line_1_23' title="bbox 137 2711 1201 2805; baseline 0 -20"><span class='ocrx_word' id='word_1_180' title='bbox 137 2724 369 2805; x_wconf 88' lang='lat' dir='ltr'>imperatorem</span> <span class='ocrx_word' id='word_1_181' title='bbox 392 2722 472 2786; x_wconf 84' lang='lat' dir='ltr'>haec</span> <span class='ocrx_word' id='word_1_182' title='bbox 497 2720 592 2784; x_wconf 82' lang='lat' dir='ltr'>saciat</span> <span class='ocrx_word' id='word_1_183' title='bbox 623 2720 828 2802; x_wconf 88' lang='lat' dir='ltr'>loquentem:</span> <span class='ocrx_word' id='word_1_184' title='bbox 854 2722 929 2786; x_wconf 92' lang='grc' dir='ltr'><strong><em>τίνα</em></strong></span> <span class='ocrx_word' id='word_1_185' title='bbox 957 2711 985 2785; x_wconf 83' lang='grc' dir='ltr'><strong><em>δ</em></strong></span> <span class='ocrx_word' id='word_1_186' title='bbox 1012 2716 1077 2804; x_wconf 84' lang='grc' dir='ltr'><strong><em>ἐχει</em></strong></span> <span class='ocrx_word' id='word_1_187' title='bbox 1112 2718 1201 2787; x_wconf 89' lang='grc' dir='ltr'><strong><em>ἀντι-</em></strong></span> 
     </span>
    </p>
   </div>
   <div class='ocr_carea' id='block_1_3' title="bbox 106 2930 1205 4211">
    <p class='ocr_par' dir='ltr' id='par_1_3' title="bbox 106 2930 1205 3982">
     <span class='ocr_line' id='line_1_24' title="bbox 139 2930 1201 3021; baseline -0.004 -19"><span class='ocrx_word' id='word_1_188' title='bbox 139 2931 261 3021; x_wconf 85' lang='grc' dir='ltr'><strong><em>όπουγε</em></strong></span> <span class='ocrx_word' id='word_1_189' title='bbox 298 2938 353 3001; x_wconf 85' lang='grc' dir='ltr'><strong><em>καὶ</em></strong></span> <span class='ocrx_word' id='word_1_190' title='bbox 390 2936 434 3021; x_wconf 83' lang='grc' dir='ltr'><strong><em>μη</em></strong></span> <span class='ocrx_word' id='word_1_191' title='bbox 472 2934 613 3011; x_wconf 91' lang='grc' dir='ltr'><strong><em>πάππας</em></strong></span> <span class='ocrx_word' id='word_1_192' title='bbox 651 2930 752 3009; x_wconf 87' lang='grc' dir='ltr'><strong><em>όντας</em></strong></span> <span class='ocrx_word' id='word_1_193' title='bbox 790 2933 868 3009; x_wconf 86' lang='grc' dir='ltr'><strong><em>τούς</em></strong></span> <span class='ocrx_word' id='word_1_194' title='bbox 907 2930 1028 3010; x_wconf 88' lang='grc' dir='ltr'><strong><em>ἀλλους</em></strong></span> <span class='ocrx_word' id='word_1_195' title='bbox 1070 2931 1201 3020; x_wconf 80' lang='grc' dir='ltr'><strong><em>ἀνάγκη</em></strong></span> 
     </span>
     <span class='ocr_line' id='line_1_25' title="bbox 137 3039 1202 3127; baseline -0.004 -18"><span class='ocrx_word' id='word_1_196' title='bbox 137 3043 282 3127; x_wconf 79' lang='grc' dir='ltr'><strong><em>μετέχειν</em></strong></span> <span class='ocrx_word' id='word_1_197' title='bbox 328 3043 456 3108; x_wconf 82' lang='grc' dir='ltr'><strong><em>τοιάσδε</em></strong></span> <span class='ocrx_word' id='word_1_198' title='bbox 494 3051 556 3126; x_wconf 89' lang='grc' dir='ltr'><strong><em>τῆς</em></strong></span> <span class='ocrx_word' id='word_1_199' title='bbox 597 3042 774 3116; x_wconf 89' lang='grc' dir='ltr'><strong><em>κοινωνίας</em></strong></span> <span class='ocrx_word' id='word_1_200' title='bbox 818 3053 888 3117; x_wconf 89' lang='grc' dir='ltr'><strong><em>τοῖς</em></strong></span> <span class='ocrx_word' id='word_1_201' title='bbox 932 3039 1202 3126; x_wconf 78' lang='grc' dir='ltr'><strong><em>ἐκκλησιάζουσιν</em></strong></span> 
     </span>
     <span class='ocr_line' id='line_1_26' title="bbox 138 3146 1202 3233; baseline -0.003 -17"><span class='ocrx_word' id='word_1_202' title='bbox 138 3149 694 3233; x_wconf 83' lang='grc' dir='ltr'><strong><em>συνισταμένους,λειτουργοῦντος</em></strong></span> <span class='ocrx_word' id='word_1_203' title='bbox 726 3156 787 3213; x_wconf 80' lang='grc' dir='ltr'><strong><em>τοῦ</em></strong></span> <span class='ocrx_word' id='word_1_204' title='bbox 818 3146 929 3233; x_wconf 83' lang='grc' dir='ltr'><strong><em>ἱερέως</em></strong></span> <span class='ocrx_word' id='word_1_205' title='bbox 961 3150 1015 3213; x_wconf 89' lang='grc' dir='ltr'><strong><em>καὶ</em></strong></span> <span class='ocrx_word' id='word_1_206' title='bbox 1045 3147 1108 3233; x_wconf 79' lang='grc' dir='ltr'><strong><em>την</em></strong></span> <span class='ocrx_word' id='word_1_207' title='bbox 1141 3157 1202 3232; x_wconf 90' lang='grc' dir='ltr'><strong><em>τῆς</em></strong></span> 
     </span>
     <span class='ocr_line' id='line_1_27' title="bbox 106 3248 1202 3342; baseline -0.004 -19"><span class='ocrx_word' id='word_1_208' title='bbox 106 3282 114 3297; x_wconf 89' lang='grc'><em>·</em></span> <span class='ocrx_word' id='word_1_209' title='bbox 143 3257 276 3342; x_wconf 86' lang='grc' dir='ltr'><strong><em>Τριάδος</em></strong></span> <span class='ocrx_word' id='word_1_210' title='bbox 304 3258 402 3342; x_wconf 90' lang='grc' dir='ltr'><strong><em>χάριν</em></strong></span> <span class='ocrx_word' id='word_1_211' title='bbox 433 3263 513 3321; x_wconf 86' lang='grc' dir='ltr'><strong><em>πάσι</em></strong></span> <span class='ocrx_word' id='word_1_212' title='bbox 543 3252 691 3329; x_wconf 79' lang='grc' dir='ltr'><strong><em>διδόντος</em></strong></span> <span class='ocrx_word' id='word_1_213' title='bbox 720 3261 855 3331; x_wconf 68' lang='grc' dir='ltr'><strong><em>κοινῶς·</em></strong></span> <span class='ocrx_word' id='word_1_214' title='bbox 890 3248 1046 3337; x_wconf 71' lang='grc' dir='ltr'><strong><em>Άδελφόν</em></strong></span> <span class='ocrx_word' id='word_1_215' title='bbox 1077 3255 1111 3319; x_wconf 82' lang='grc' dir='ltr'><strong><em>δὲ</em></strong></span> <span class='ocrx_word' id='word_1_216' title='bbox 1146 3278 1202 3319; x_wconf 92' lang='grc' dir='ltr'><strong><em>κα-</em></strong></span> 
     </span>
     <span class='ocr_line' id='line_1_28' title="bbox 140 3339 1203 3449; baseline -0.004 -20"><span class='ocrx_word' id='word_1_217' title='bbox 140 3370 209 3430; x_wconf 78' lang='grc' dir='ltr'><strong><em>λεῖν</em></strong></span> <span class='ocrx_word' id='word_1_218' title='bbox 243 3366 299 3428; x_wconf 81' lang='grc' dir='ltr'><strong><em>καὶ</em></strong></span> <span class='ocrx_word' id='word_1_219' title='bbox 331 3370 467 3449; x_wconf 81' lang='grc' dir='ltr'><strong><em>πρῶτον</em></strong></span> <span class='ocrx_word' id='word_1_220' title='bbox 500 3360 625 3427; x_wconf 89' lang='grc' dir='ltr'><strong><em>ἐκεῖνον</em></strong></span> <span class='ocrx_word' id='word_1_221' title='bbox 658 3339 760 3443; x_wconf 78' lang='grc' dir='ltr'><strong><em>μείάον</em></strong></span> <span class='ocrx_word' id='word_1_222' title='bbox 793 3360 882 3427; x_wconf 83' lang='grc' dir='ltr'><strong><em>αίτία</em></strong></span> <span class='ocrx_word' id='word_1_223' title='bbox 921 3362 1082 3446; x_wconf 86' lang='lat' dir='ltr'>(offensio)</span> <span class='ocrx_word' id='word_1_224' title='bbox 1118 3355 1203 3425; x_wconf 77' lang='grc' dir='ltr'><strong><em>ὅπου</em></strong></span> 
     </span>
     <span class='ocr_line' id='line_1_29' title="bbox 139 3459 1201 3555; baseline -0.003 -20"><span class='ocrx_word' id='word_1_225' title='bbox 139 3473 194 3537; x_wconf 91' lang='grc' dir='ltr'><strong><em>καὶ</em></strong></span> <span class='ocrx_word' id='word_1_226' title='bbox 216 3470 345 3555; x_wconf 83' lang='grc' dir='ltr'><strong><em>πατέρα</em></strong></span> <span class='ocrx_word' id='word_1_227' title='bbox 368 3468 429 3535; x_wconf 83' lang='grc' dir='ltr'><strong><em>τόν</em></strong></span> <span class='ocrx_word' id='word_1_228' title='bbox 451 3459 591 3554; x_wconf 63' lang='grc' dir='ltr'><strong><em>Ἁβραάμ</em></strong></span> <span class='ocrx_word' id='word_1_229' title='bbox 613 3465 723 3533; x_wconf 91' lang='grc' dir='ltr'><strong><em>ἐκάλει</em></strong></span> <span class='ocrx_word' id='word_1_230' title='bbox 747 3462 766 3533; x_wconf 85' lang='grc' dir='ltr'><strong><em>ό</em></strong></span> <span class='ocrx_word' id='word_1_231' title='bbox 788 3466 824 3533; x_wconf 88' lang='grc' dir='ltr'><strong><em>ἐν</em></strong></span> <span class='ocrx_word' id='word_1_232' title='bbox 847 3473 891 3552; x_wconf 79' lang='grc' dir='ltr'><strong><em>τῇ</em></strong></span> <span class='ocrx_word' id='word_1_233' title='bbox 913 3470 1014 3553; x_wconf 83' lang='grc' dir='ltr'><strong><em>φλογὶ</em></strong></span> <span class='ocrx_word' id='word_1_234' title='bbox 1035 3468 1201 3542; x_wconf 85' lang='grc' dir='ltr'><strong><em>πλούσιος,</em></strong></span> 
     </span>
     <span class='ocr_line' id='line_1_30' title="bbox 140 3567 1203 3660; baseline -0.005 -17"><span class='ocrx_word' id='word_1_235' title='bbox 140 3578 240 3643; x_wconf 88' lang='grc' dir='ltr'><strong><em>τόσον</em></strong></span> <span class='ocrx_word' id='word_1_236' title='bbox 262 3574 394 3660; x_wconf 82' lang='grc' dir='ltr'><strong><em>ἀπέχων</em></strong></span> <span class='ocrx_word' id='word_1_237' title='bbox 416 3574 494 3652; x_wconf 84' lang='grc' dir='ltr'><strong><em>ταδς</em></strong></span> <span class='ocrx_word' id='word_1_238' title='bbox 516 3573 662 3660; x_wconf 89' lang='grc' dir='ltr'><strong><em>τρόπους</em></strong></span> <span class='ocrx_word' id='word_1_239' title='bbox 686 3567 764 3637; x_wconf 86' lang='grc' dir='ltr'><strong><em>όσον</em></strong></span> <span class='ocrx_word' id='word_1_240' title='bbox 786 3576 841 3640; x_wconf 86' lang='grc' dir='ltr'><strong><em>καὶ</em></strong></span> <span class='ocrx_word' id='word_1_241' title='bbox 871 3568 911 3640; x_wconf 88' lang='grc' dir='ltr'><strong><em>τὸ</em></strong></span> <span class='ocrx_word' id='word_1_242' title='bbox 939 3575 1038 3658; x_wconf 85' lang='grc' dir='ltr'><strong><em>μέσον</em></strong></span> <span class='ocrx_word' id='word_1_243' title='bbox 1066 3573 1203 3639; x_wconf 88' lang='grc' dir='ltr'><strong><em>ἐκείνων</em></strong></span> 
     </span>
     <span class='ocr_line' id='line_1_31' title="bbox 138 3676 1204 3769; baseline -0.006 -19"><span class='ocrx_word' id='word_1_244' title='bbox 138 3684 244 3768; x_wconf 92' lang='grc' dir='ltr'><strong><em>χάσμα</em></strong></span> <span class='ocrx_word' id='word_1_245' title='bbox 278 3693 339 3769; x_wconf 84' lang='grc' dir='ltr'><strong><em>τῆς</em></strong></span> <span class='ocrx_word' id='word_1_246' title='bbox 377 3682 512 3748; x_wconf 87' lang='grc' dir='ltr'><strong><em>ἐκείνων</em></strong></span> <span class='ocrx_word' id='word_1_247' title='bbox 545 3680 747 3755; x_wconf 88' lang='grc' dir='ltr'><strong><em>διαστάσεως</em></strong></span> <span class='ocrx_word' id='word_1_248' title='bbox 780 3676 822 3768; x_wconf 79' lang='grc' dir='ltr'><strong><em>ἦν</em></strong></span> <span class='ocrx_word' id='word_1_249' title='bbox 854 3681 1044 3767; x_wconf 85' lang='grc' dir='ltr'><strong><em>μαρτύριον.</em></strong></span> <span class='ocrx_word' id='word_1_250' title='bbox 1077 3680 1134 3746; x_wconf 66' lang='grc' dir='ltr'><strong><em>Ἐί</em></strong></span> <span class='ocrx_word' id='word_1_251' title='bbox 1168 3680 1204 3745; x_wconf 81' lang='grc' dir='ltr'><strong><em>δὲ</em></strong></span> 
     </span>
     <span class='ocr_line' id='line_1_32' title="bbox 140 3780 1205 3875; baseline -0.003 -20"><span class='ocrx_word' id='word_1_252' title='bbox 140 3792 279 3874; x_wconf 89' lang='grc' dir='ltr'><strong><em>διδοῑμεν</em></strong></span> <span class='ocrx_word' id='word_1_253' title='bbox 294 3792 349 3855; x_wconf 89' lang='grc' dir='ltr'><strong><em>καὶ</em></strong></span> <span class='ocrx_word' id='word_1_254' title='bbox 364 3786 528 3875; x_wconf 86' lang='grc' dir='ltr'><strong><em>ἐκκλητον</em></strong></span> <span class='ocrx_word' id='word_1_255' title='bbox 552 3785 859 3875; x_wconf 77' lang='lat' dir='ltr'>(prouocationem),</span> <span class='ocrx_word' id='word_1_256' title='bbox 885 3791 984 3871; x_wconf 77' lang='grc' dir='ltr'><strong><em>σχολῇ</em></strong></span> <span class='ocrx_word' id='word_1_257' title='bbox 1005 3811 1081 3853; x_wconf 93' lang='grc' dir='ltr'><strong><em>τινα</em></strong></span> <span class='ocrx_word' id='word_1_258' title='bbox 1102 3780 1205 3873; x_wconf 88' lang='grc' dir='ltr'><strong><em>τόσην</em></strong></span> 
     </span>
     <span class='ocr_line' id='line_1_33' title="bbox 140 3894 999 3982; baseline -0.006 -20"><span class='ocrx_word' id='word_1_259' title='bbox 140 3897 301 3982; x_wconf 90' lang='grc' dir='ltr'><strong><em>τέμνοντα</em></strong></span> <span class='ocrx_word' id='word_1_260' title='bbox 324 3895 497 3961; x_wconf 79' lang='grc' dir='ltr'><strong><em>θάλασσαν</em></strong></span> <span class='ocrx_word' id='word_1_261' title='bbox 518 3904 588 3961; x_wconf 82' lang='grc' dir='ltr'><strong><em>τῶν</em></strong></span> <span class='ocrx_word' id='word_1_262' title='bbox 611 3897 751 3962; x_wconf 88' lang='grc' dir='ltr'><strong><em>δικαίων</em></strong></span> <span class='ocrx_word' id='word_1_263' title='bbox 774 3894 999 3979; x_wconf 79' lang='grc' dir='ltr'><strong><em>ἀμφισβητεῖν.</em></strong></span> 
     </span>
    </p>

    <p class='ocr_par' dir='ltr' id='par_1_4' title="bbox 139 4000 1201 4211">
     <span class='ocr_line' id='line_1_34' title="bbox 243 4000 1201 4083; baseline -0.003 -16"><span class='ocrx_word' id='word_1_264' title='bbox 243 4004 395 4067; x_wconf 91' lang='lat' dir='ltr'>Vidimus</span> <span class='ocrx_word' id='word_1_265' title='bbox 446 4022 551 4083; x_wconf 87' lang='lat' dir='ltr'>neque</span> <span class='ocrx_word' id='word_1_266' title='bbox 598 4004 629 4067; x_wconf 90' lang='lat' dir='ltr'>in</span> <span class='ocrx_word' id='word_1_267' title='bbox 676 4004 776 4069; x_wconf 87' lang='lat' dir='ltr'>altera</span> <span class='ocrx_word' id='word_1_268' title='bbox 829 4002 986 4065; x_wconf 83' lang='lat' dir='ltr'>societate</span> <span class='ocrx_word' id='word_1_269' title='bbox 1039 4000 1201 4064; x_wconf 85' lang='lat' dir='ltr'>maritima</span> 
     </span>
     <span class='ocr_line' id='line_1_35' title="bbox 139 4107 1200 4211; baseline -0.006 -35"><span class='ocrx_word' id='word_1_270' title='bbox 139 4111 388 4176; x_wconf 84' lang='lat' dir='ltr'>Atheniensium</span> <span class='ocrx_word' id='word_1_271' title='bbox 442 4130 548 4211; x_wconf 61' lang='lat' dir='ltr'>neque</span> <span class='ocrx_word' id='word_1_272' title='bbox 594 4131 737 4193; x_wconf 81' lang='lat' dir='ltr'>unquam</span> <span class='ocrx_word' id='word_1_273' title='bbox 783 4108 1054 4193; x_wconf 84' lang='lat' dir='ltr'>provocationem</span> <span class='ocrx_word' id='word_1_274' title='bbox 1100 4107 1200 4171; x_wconf 83' lang='lat' dir='ltr'>fuisse</span> 
     </span>
    </p>
   </div>
   <div class='ocr_carea' id='block_1_4' title="bbox 0 0 1454 4559">
    <p class='ocr_par' dir='ltr' id='par_1_5' title="bbox 0 0 1454 4559">
     <span class='ocr_line' id='line_1_36' title="bbox 0 0 1454 4559; baseline 0 0"><span class='ocrx_word' id='word_1_275' title='bbox 0 0 1454 4559; x_wconf 95' lang='lat' dir='ltr'><strong><em> </em></strong></span> 
     </span>
    </p>
   </div>
  </div>
 </body>
</html>
