2900 4559
670 285 891 348 ..36-

248 498 363 541 causae
409 479 586 541 secundum
632 477 716 558 Eph.
753 478 849 550 arch..
891 501 932 541 ex
969 478 1089 560 quibus
1128 498 1226 542 unam
1267 479 1311 541 de

247 581 360 667 Oropo
396 585 493 649 luisse
531 595 641 649 censet
680 585 833 648 Hiclrsius
872 606 900 648 n.
937 587 1013 669 1563
1050 586 1107 649 sed
1138 586 1202 648 hoc
1235 585 1311 648 lern'

248 694 366 774 nequit.
413 693 497 755 Nam
521 693 670 775 Oropum
694 693 769 755 Inde
793 694 834 757 ab
851 713 936 755 anno
961 710 1023 772 312
1049 714 1152 775 usque
1176 693 1218 755 ad
1247 707 1307 773 171

248 800 385 862 foederis
431 800 557 863 Boeotii
602 799 700 863 fuisse
753 800 989 862 demonstravit
1042 800 1313 864 Wilamowitzius

249 905 433 989 »Oropus
469 908 549 969 und
585 908 648 969 die
685 906 842 970 Graec«
878 906 989 974 Herm.
1021 908 1097 971 XXI
1127 926 1158 987 p.
1187 924 1311 987 102sq.

246 1022 279 1074 et
301 1013 373 1075 adn.
405 1032 430 1079 ι.
1204 1024 1215 1046 ·

517 1252 653 1334 Parus
686 1252 834 1359 prioris
868 1280 956 1361 cap.
993 1254 1036 1335 B.

349 1425 417 1487 Iam
441 1425 566 1487 collatis
589 1424 640 1511 his
664 1424 824 1507 exemplis
841 1436 1007 1489 vertamur
1031 1427 1073 1489 ad
1091 1446 1138 1501 ea,
1157 1446 1242 1506 quae
1267 1426 1309 1488 de

244 1532 477 1593 consuetudine
501 1542 534 1595 et
555 1534 624 1595 lure
660 1532 793 1615 publico
826 1531 1024 1596 Graecorum
1059 1534 1136 1595 inde
1169 1534 1309 1595 derivari

243 1647 386 1718 possunt.
432 1640 609 1702 Partitione
633 1639 778 1703 adhibita
801 1641 1057 1703 demonstratum
1081 1649 1129 1702 est
1145 1641 1187 1703 de
1202 1641 1310 1701 causis

244 1744 382 1827 publicis
408 1765 472 1807 non
502 1746 605 1809 solum
637 1747 771 1828 singulis
801 1748 1024 1810 occasionibus
1054 1746 1180 1828 singula
1209 1748 1309 1809 tribu-

244 1852 327 1915 nalia
363 1854 537 1916 constituta
575 1873 646 1915 esse
682 1854 739 1915 sed
775 1854 862 1917 haud
897 1875 970 1918 raro
1005 1842 1085 1936 ipsi}
1118 1853 1308 1916 foederibus

241 1962 476 2043 praescriptum
500 1980 581 2033 esse,
607 1970 642 2023 ut
665 1962 710 2023 ita
733 1959 826 2023 fieret
848 1962 879 2024 in
903 1972 1071 2045 posterum
1096 1962 1121 2023 si
1146 1960 1310 2023 discordia

242 2069 384 2130 excitata
407 2076 501 2140 esset,
528 2088 633 2149 neque
656 2068 764 2131 solum
797 2070 912 2131 liberas
946 2070 1095 2133 civitates
1122 2070 1168 2130 ita
1203 2068 1311 2149 egisse

242 2176 301 2238 sed
319 2176 417 2237 etiam
435 2196 498 2249 eas,
516 2195 600 2256 quae
616 2176 709 2238 unius
725 2175 865 2239 foederis
881 2186 939 2239 aut
955 2178 1024 2256 regi
1040 2176 1090 2238 vel
1107 2176 1311 2254 magistratui

245 2284 298 2345 alii
319 2283 482 2345 subiectae
507 2291 607 2344 erant.
653 2282 847 2364 Plerumque
862 2294 898 2347 ut
912 2303 972 2363 par
988 2292 1037 2345 est
1053 2281 1197 2363 singulae
1213 2283 1312 2343 urbes

244 2404 333 2455 erant
356 2391 525 2472 litigantes,
551 2398 662 2453 contra
686 2410 737 2452 nn.
760 2390 835 2452 XIII
858 2400 891 2454 et
913 2390 990 2454 XIV
1013 2389 1114 2452 altera
1136 2409 1211 2470 pars
1235 2398 1312 2451 sunt

243 2518 346 2577 reges,
372 2518 401 2565 n.
415 2498 457 2560 LI
481 2498 564 2560 duae
588 2499 738 2561 nationes
761 2508 836 2560 sunt
859 2498 1040 2569 adversarii,
1065 2518 1095 2559 n.
1113 2497 1173 2558 LV
1195 2496 1309 2558 civitas

243 2615 275 2667 et
296 2607 433 2667 societas
457 2604 494 2667 cI.
521 2606 618 2667 etiam
642 2606 743 2669 XVII.
791 2606 895 2669 Certis
918 2605 1036 2667 finibus
1070 2625 1142 2666 mos
1175 2603 1308 2665 circum-

243 2714 336 2775 scribi
362 2713 488 2796 nequit3
513 2714 618 2774 ubivis
634 2722 724 2774 erant
741 2711 867 2788 Graeci,
891 2714 916 2773 si
933 2712 1058 2774 libitum
1087 2719 1145 2784 est,
1170 2709 1232 2772 hac
1255 2710 1308 2773 via

242 2839 430 2901 processum
466 2828 515 2881 est
550 2840 569 2881 a
602 2820 738 2899 siugulis
777 2821 962 2883 civitatibus
1000 2819 1106 2899 magis
1144 2817 1304 2883 minusve.

241 2926 426 2988 Praevalere
454 2946 507 2987 eas
532 2928 689 3002 civitates,
714 2949 800 3009 quae
823 2928 967 2990 maxima
992 2926 1167 2988 utebantur
1196 2933 1309 3004 poten-

239 3035 293 3105 tia,
319 3044 355 3095 ut
379 3033 605 3107 Athenienses,
632 3054 690 3115 per
714 3055 752 3096 se
775 3034 964 3117 explicatur.

354 3156 478 3221 Causae
503 3158 604 3221 laetae
635 3169 710 3221 sunt
745 3160 840 3221 variis
874 3160 915 3221 de
947 3158 1052 3229 rebus,
1087 3166 1163 3219 ante
1198 3159 1307 3219 omnia

249 3266 289 3325 de
313 3266 517 3343 possidendis
540 3267 608 3329 sive
631 3268 726 3347 agris,
760 3268 827 3329 sive
861 3266 1006 3337 castellis,
1043 3266 1110 3327 sive
1145 3265 1305 3344 portibus,

244 3373 422 3435 sedetiam
447 3376 488 3435 de
511 3374 578 3436 aliis
602 3383 636 3436 ut
661 3394 689 3435 n.
716 3375 744 3436 L
768 3375 809 3437 de
832 3374 973 3454 expilata
996 3372 1084 3446 urbe,
1110 3375 1151 3434 de
1174 3372 1306 3435 loedere

243 3478 331 3541 laeso
368 3484 420 3546 nn.
454 3480 499 3542 IV
535 3490 566 3543 et
601 3482 682 3545 XIX*
712 3491 745 3544 et
780 3502 821 3543 ex
855 3480 965 3562 Pyrrhi
997 3482 1178 3563 proposit0,
1216 3482 1305 3559 quod

243 3587 397 3649 reiectum
431 3599 480 3650 est
503 3609 532 3651 n.
558 3590 643 3661 XVI,
679 3591 720 3652 de
751 3610 831 3671 pace
855 3589 974 3651 violata
998 3609 1026 3649 n.
1052 3588 1158 3663 XVII;
1185 3608 1306 3666 magna

244 3714 284 3755 ex
317 3688 555 3773 parte'causae
580 3706 676 3759 notae
700 3717 764 3759 non
788 3706 863 3758 sunt
887 3697 925 3761 cf.
950 3696 1021 3769 XV,
1046 3696 1160 3766 XXIII,
1185 3695 1304 3769 XXIX,

129 3790 136 3803 ’
235 3802 350 3875 XXXI,
399 3802 577 3878 XXXVIII,
618 3805 676 3867 sed
714 3804 825 3865 similis
870 3806 997 3886 generis
1048 3805 1186 3879 luerunt,
1227 3823 1304 3865 nam

235 3910 298 3969 ites
333 3911 468 3971 duarum
500 3910 667 3973 civitatum
691 3913 774 3974 inter
805 3895 840 3973 se
874 3913 1024 3993 publicae
1058 3933 1191 3994 semper
1210 3919 1300 3975 sunt

234 4018 274 4076 de
308 4017 467 4078 eiusmodi
492 4019 598 4091 rebus,
635 4020 753 4097 quibus
787 4020 960 4081 auctoritas
995 4020 1129 4081 alterius
1164 4021 1303 4083 civitatis

232 4125 365 4185 diminui
391 4125 516 4189 videtur
539 4127 581 4188 ab
604 4126 706 4188 altera
729 4127 780 4187 vel
795 4127 871 4190 tolli.
920 4125 1057 4207 Saepius
1073 4132 1167 4191 tertia
1183 4131 1296 4193 civitas
