2900 4559
532 310 776 374 -105-

126 524 206 567 zum
239 503 714 589 Appellationsgericht
745 505 936 587 gemacht
964 524 1076 577 war«,
1108 504 1186 568 item

127 613 445 688 Schdmannusant.
458 635 490 696 p.
507 614 570 695 367
595 614 704 694 adn5
739 622 772 677 et
802 613 868 680 Ait.
894 614 937 675 11²
967 635 998 696 p.
1021 626 1035 691 5
1061 614 1136 677 adn.
1153 632 1185 691 4,

124 719 565 804 Meier·Sch6mann-Lipsius
578 743 609 801 p.
619 724 684 801 998
697 721 797 805 adn.J6
802 735 838 802 51
854 719 902 803 (cf.
916 741 1046 803 quoque
1063 725 1180 805 supra).

127 827 250 890 Hefster
272 847 326 909 pp.
341 845 380 907 91
401 849 448 911 sq.
462 828 599 910 loquens
615 829 657 891 de
680 829 785 892 causis
808 818 875 892 ἀπὸ
899 826 1075 911 συμβόλων
1098 848 1186 909 pere-

126 935 235 1014 grinos
257 936 303 997 ait
324 935 486 1016 litigantes
515 956 590 998 curn
615 936 870 1000 Atheniensibus
893 936 1043 998 Athenas
1076 936 1107 997 in
1137 935 1186 997 ius

126 1049 260 1104 vocatos
285 1062 355 1104 esse
379 1052 412 1105 et
435 1043 574 1107 vicissim
600 1053 633 1108 et
659 1044 744 1106 ›die
767 1042 898 1117 Stadt,
923 1041 1084 1105 welche
1098 1092 1185 1108 .....
1228 1083 1233 1092 ·

126 1149 230 1212 'uber
258 1150 338 1212 den
368 1149 500 1213 Streit
532 1172 575 1212 zu
606 1150 814 1215 erkennen
844 1149 969 1224 hatte,
994 1148 1108 1212 hiess
1132 1146 1187 1213 ἔκ-

126 1259 277 1340 κλητος
299 1254 497 1341 allieni),
524 1267 638 1321 contra
661 1280 691 1341 p.
707 1275 771 1338 493
799 1258 927 1320 dubitat
955 1266 988 1320 et
1017 1256 1188 1337 profitetur

124 1359 211 1427 ἔκκλ.
227 1362 303 1431 ndi.
318 1384 389 1426 esse
401 1364 530 1427 tertiam
543 1366 668 1440 urbem,
687 1386 786 1448 quam
803 1366 888 1428 duae
903 1364 1023 1428 liberae
1040 1354 1188 1427 civitates

125 1471 274 1534 adissent.
303 1469 418 1534 Sellius
433 1492 488 1554 pp.
504 1488 567 1553 307
584 1492 632 1553 sq.
650 1473 681 1535 in
705 1473 809 1536 causis
834 1467 901 1538 ἀπὸ
924 1469 1098 1555 συμβόλων
1113 1491 1186 1553 pro-

125 1574 328 1641 vocationem
361 1577 486 1641 licuisse
516 1589 627 1642 censet
655 1590 712 1643 aut
745 1582 788 1643 ad
816 1581 957 1643 tribunal
988 1579 1056 1641 eius
1088 1578 1185 1650 urbis,

126 1705 262 1765 quacum
288 1686 325 1748 lis
348 1694 516 1749 contracta
540 1696 619 1761 erat,
644 1694 701 1751 aut
724 1689 767 1751 ad
790 1688 919 1750 tertiam
944 1687 1067 1749 urbem.
1115 1685 1189 1747 Huc

125 1792 218 1855 refert
251 1790 412 1867 ἐκκαλεῖν,
447 1790 668 1868 ἐκκαλεῖσθαι,
697 1792 797 1858 πόλιν
826 1790 999 1879 ἔκκλητον,
1030 1792 1124 1866 δίκας
1151 1790 1189 1855 ἐκ

124 1900 277 1983 κλήτους,
301 1899 512 1985 δικαστήριον
535 1896 710 1985 ἕκκλητον;
734 1902 792 1964 sed
808 1902 891 1964 celat
908 1909 1015 1963 utrum
1030 1901 1071 1963 de
1090 1898 1189 1962 altera

124 2027 165 2069 an
182 2008 224 2070 de
239 2008 333 2069 tertia
348 2016 475 2070 tantum
492 2009 572 2070 urbe
588 2028 627 2071 ea
644 2010 790 2091 usurpari
806 2018 945 2072 censeat.
977 2008 1186 2070 Hermannus

124 2135 178 2197 pp.
194 2131 258 2191 442
283 2134 351 2195 sqq.
366 2114 436 2196 ipse
458 2116 652 2178 sententiam
676 2136 742 2178 non
766 2116 890 2199 profert
915 2116 1042 2178 disertis
1065 2114 1189 2187 verbis,

123 2223 183 2283 sed
206 2242 280 2284 cum
304 2224 381 2283 citet
406 2220 547 2297 Sellium,
572 2222 756 2285 Hefsterum
772 2222 860 2297 alios,
886 2224 985 2286 etiam
1008 2222 1059 2283 ille
1084 2221 1187 2283 verbo

124 2324 284 2413 ἐ’κκλητος
306 2327 403 2404 πόλις
436 2328 579 2391 Graecos
615 2349 691 2393 usos
721 2350 793 2393 esse
822 2331 949 2393 videtur
973 2330 1188 2402 existimasse,

126 2456 199 2498 cum
230 2436 271 2500 de
301 2437 534 2518 provocatione
563 2457 670 2499 sermo
703 2448 788 2500 esset
843 2437 939 2519 Quid,
964 2438 1125 2517 interog0‚
1151 2436 1189 2497 si-

125 2524 278 2624 gnificare
290 2553 398 2625 potest
411 2539 586 2629 ἔκκλητοεῖ
602 2544 679 2619 Aut,
698 2545 753 2625 qui
767 2555 921 2609 evocatus
934 2554 993 2617 est,
1012 2552 1077 2618 aut,
1092 2564 1190 2623 quem

127 2670 263 2713 evocare
298 2651 381 2716 licet.
429 2651 540 2733 Itaque
572 2647 731 2737 ἕκκλατος
762 2652 836 2737 δίκη
869 2661 917 2714 est
949 2672 1055 2725 causa,
1090 2670 1189 2731 quam

127 2777 263 2820 evocare
279 2758 354 2822 licet
377 2779 395 2821 e
418 2759 502 2829 loco,
528 2779 593 2840 quo
618 2760 860 2840 exspectaveris
883 2779 956 2821 eam
980 2760 1033 2839 agi
1058 2758 1188 2832 debere,

127 2871 184 2926 aut
212 2885 295 2946 quae
319 2876 454 2929 evocata
477 2874 527 2929 est
550 2868 567 2929 i.
584 2887 609 2927 e.
625 2886 709 2948 quae
735 2866 820 2930 foras
849 2867 965 2948 agitur.
1014 2866 1049 2930 Si
1080 2874 1191 2948 potest

128 2972 264 3045 evocari,
297 2982 367 3035 turn
399 2984 486 3036 certe
513 2994 553 3036 ea
584 2974 706 3047 civitas,
739 2974 770 3035 in
799 2994 864 3056 qua
892 2993 989 3038 causa
1017 2982 1187 3037 contracta

128 3088 186 3153 est,
206 3100 243 3141 ea
256 3088 290 3141 ut
302 3079 388 3143 foras
405 3090 554 3162 ageretur
570 3081 768 3144 concessisse
782 3082 927 3163 putanda
943 3091 1007 3166 est;
1033 3102 1112 3163 ergo
1126 3101 1191 3143 non

128 3195 176 3249 est
192 3189 382 3267 provocatio
407 3190 651 3271 (Appellation)‚
676 3189 768 3251 cuius
791 3206 919 3251 summa
942 3210 980 3251 ea
1004 3197 1052 3250 est
1079 3195 1123 3249 -ut
1149 3188 1191 3249 de

128 3294 242 3357 eadem
259 3315 293 3357 re
309 3296 426 3358 iterum
443 3296 603 3359 iudicetur
625 3296 693 3359 sive
716 3297 804 3359 iussu
820 3296 890 3358 eius
906 3296 960 3375 qui
977 3294 1108 3357 inferior
1131 3293 1190 3356 fuit

127 3403 234 3484 priore
251 3402 369 3466 iudicio
385 3404 453 3465 sive
469 3403 597 3466 iniussu.
624 3402 659 3465 Si
676 3412 814 3465 evocata
837 3412 894 3476 est,
912 3411 983 3465 tum
999 3422 1058 3485 per
1075 3422 1110 3463 se
1126 3402 1188 3463 dis·

127 3511 213 3572 cerni
237 3510 357 3591 nequit,
391 3520 499 3573 utrum
522 3511 563 3573 sit
586 3509 778 3593 provocatio
802 3530 913 3576 necne.
950 3509 1011 3572 His
1027 3508 1190 3574 concessis

127 3617 154 3679 si
166 3618 362 3699 spectaveris
375 3618 415 3680 ad
428 3618 509 3684 Ditt.
527 3633 569 3699 79
580 3638 611 3683 v.
628 3629 677 3695 75,
692 3616 817 3679 videbis
835 3602 900 3678 ndn
916 3637 989 3679 esse
1004 3636 1189 3680 sermonem

128 3724 170 3785 dc
192 3725 425 3805 provocatione
450 3725 508 3787 sed
532 3724 694 3786 decausis
715 3743 817 3806 »quac
832 3724 990 3803 permissu
1006 3724 1190 3785 Iulietarum

127 3921 162 3955 zu
180 3905 246 3956 sein
265 3906 401 3971 glaubte,
422 3921 457 3953 an
478 3905 529 3954 die
554 3903 645 3954 ἒκκλ.
665 3903 737 3954 πόλ.
758 3903 975 3968 appellierte«,
995 3902 1061 3951 hanc
1080 3917 1192 3952 commu·

127 3996 229 4045 nionem
248 3996 333 4043 iudicii
351 4011 383 4044 an
403 3995 508 4060 probare
528 4010 579 4043 uon
599 3994 677 4059 possit
696 3994 792 4042 dubito.

239 4079 279 4151 ¹⁰⁸)
301 4084 458 4149 Exemplum,
482 4099 533 4147 quo
559 4084 637 4133 altera
664 4084 723 4132 urbs
742 4084 777 4131 ita
795 4082 924 4131 nominata
947 4082 985 4146 sit,
1011 4082 1115 4131 omnino
1140 4097 1192 4133 non

128 4182 214 4238 exstat,
233 4189 292 4223 nam
311 4174 343 4222 de
362 4172 453 4225 Aesch.
470 4174 481 4221 1
504 4184 561 4235 112,
582 4172 616 4235 89
635 4174 700 4223 infra
720 4172 811 4223 dicant.
