2900 4559
701 278 914 339 „30-

379 466 437 533 xd.
463 468 532 551 C.J.
548 468 584 531 G.
604 485 690 548 2254
714 470 845 533 Foedus
876 472 958 533 inter
987 470 1100 533 Latios
1130 479 1162 532 et
1192 466 1354 536 Olontios
1430 447 1431 490 ⁷

275 576 363 638 tertii
394 576 512 638 saeculi
551 577 633 639 nolis
670 558 734 639 huc
765 576 900 656 referre,
925 578 1051 639 namsi
1083 576 1195 640 Gnosii
1232 587 1357 640 essent
1431 641 1433 680 Ι

273 682 393 746 iudices
417 691 453 745 ut
477 684 624 746 Hoekius
656 686 763 748 Kreta
798 684 841 746 Ill
864 705 894 766 p.
918 691 984 763 479
1018 692 1106 745 ratus
1140 684 1354 746 videturesse
1431 761 1432 782 ἦ

272 808 314 852 ex
346 810 395 853 vv.
425 802 479 869 95.
512 806 556 869 99
584 790 685 873 θέμεν
716 790 752 854 δὲ
782 792 836 853 καὶ
865 784 972 853 ἄλλαν
1002 789 1127 854 στάλαν
1150 790 1255 877 [κοινᾷ
1289 792 1353 853 καὶ

275 892 459 981 ἄναθέ]μεν
491 894 528 960 ἐν
562 898 695 980 Κνωσῷ
728 896 765 961 ἐν
798 900 849 981 τῷ
877 894 956 980 ἱερῷ
987 899 1038 979 τῷ
1067 887 1263 972 induamus
1293 900 1354 980 τῷ

276 1004 453 1084 Δελφιυίω,
478 1012 565 1065 certe
593 1005 665 1083 ipso
699 1004 731 1065 in
766 1006 856 1066 initio
889 1004 971 1067 tituli
1006 1004 1216 1085 aliquomodo
1250 1013 1353 1065 erant

276 1110 563 1173 commemorandi.

380 1288 448 1350 Iam
471 1296 676 1351 transeamus
698 1288 741 1350 ad
764 1288 865 1369 partis

677 1474 724 1551 A.
762 1496 852 1577 cap.
889 1470 939 1551 ΙΙ.

275 1644 342 1706 quo
367 1645 424 1687 eae
447 1625 655 1687 eontinentur
677 1644 795 1688 causae
818 1624 978 1703 publicae,
991 1644 1073 1705 quas
1098 1633 1234 1704 egerunt
1257 1626 1348 1687 duae
1433 1657 1434 1712 r

275 1732 422 1794 civitates
446 1741 503 1793 aut
535 1731 766 1810 participantes
796 1730 911 1793 foedus
939 1731 1071 1813 aliquod
1094 1740 1150 1793 aut
1173 1732 1346 1794 subiectae

272 1838 387 1899 tertiae
413 1838 542 1901 civitati.
611 1852 620 1867 '

382 1944 526 2007 XLVIII.
550 1942 634 2025 Eph.
660 1942 746 2005 arch.
777 1946 860 2023 1887
891 1952 977 2025 τεῦχ.
1007 1962 1017 2005 1
1045 1945 1148 2007 edidit
1177 1945 1213 2011 B.
1245 1944 1346 2007 Staes

272 2050 402 2112 titulum
436 2050 591 2133 Epidauri
626 2052 794 2113 inventum
832 2050 888 2132 qui
923 2052 1151 2131 complectitur
1185 2052 1344 2113 iudicium
1434 2099 1435 2110 .

272 2157 513 2236 Megarensium
546 2159 627 2219 inter
658 2157 853 2237 Epidaurios
884 2166 916 2219 et
947 2156 1133 2220 Corinthios
1163 2159 1204 2219 de
1240 2159 1340 2237 agris.

273 2266 425 2348 Syllanio,
463 2265 609 2347 Spiraeo,
657 2262 743 2328 ,Sunt
779 2265 921 2343 primum
956 2266 1175 2345 quinquageni
1217 2264 1342 2325 iudices
1435 2291 1437 2348 g

275 2372 366 2434 electi
398 2394 416 2435 e
446 2371 569 2451 Hylleis
609 2379 640 2434 et
679 2368 894 2451 Dymanibus‚
934 2372 1171 2452 quinquaginta
1206 2390 1289 2432 unus
1322 2393 1341 2433 e
1435 2351 1436 2442 l

272 2477 467 2561 Pamphylis.
494 2478 536 2539 Hi
551 2478 732 2558 Epidauriis
745 2497 810 2539 uno
822 2497 981 2541 consensu
998 2498 1058 2551 res,
1083 2478 1125 2540 de
1140 2478 1259 2558 quibus
1271 2486 1340 2540 erat

273 2587 449 2656 contentio,
476 2586 728 2665 assignaverunt.
771 2584 899 2646 Deinde
923 2583 1097 2647 Corinthiis
1132 2584 1340 2646 obstantibus

273 2692 481 2772 Megarenses
495 2712 535 2752 ex
559 2690 617 2752 illis
641 2690 711 2753 CLI
728 2690 894 2771 elegerunt
913 2692 1045 2771 triginta
1061 2710 1164 2753 unum
1177 2689 1336 2764 homines,

278 2802 381 2863 denos
405 2821 422 2861 e
447 2798 570 2877 Hylleis
606 2805 637 2858 et
672 2798 887 2877 Dymanibus‚
925 2798 1073 2860 undecim
1107 2818 1125 2859 e
1153 2796 1339 2879 Pamphylis

273 2926 411 2988 quorum
447 2904 674 2967 determinatio
703 2912 849 2967 servatur
875 2904 895 2966 l.
920 2919 955 2967 a·
982 2904 1141 2966 Fecerunt
1172 2904 1254 2967 haec
1277 2904 1341 2965 Me·

277 3032 431 3093 garenses
455 3012 531 3073 iussi
547 3012 589 3074 ab
612 3010 763 3076 Achaeis.
811 3010 894 3073 Cum
917 3021 1048 3092 tempus
1063 3010 1146 3074 tituli
1170 3008 1340 3073 definiatur

276 3140 294 3180 e
317 3119 452 3181 ducibus
471 3118 680 3180 Achaeorum
704 3126 736 3179 et
751 3117 1012 3197 Epidauriorum,
1036 3117 1204 3198 Epidaurii
1227 3127 1336 3180 autem

273 3235 349 3307 post
375 3224 568 3296 Corinthum
592 3232 724 3303 captam
754 3224 874 3286 foederi
898 3222 1045 3285 Achaico
1069 3224 1179 3285 inserti
1203 3226 1266 3286 sint
1290 3223 1337 3306 (cl.

272 3332 355 3394 Paus
378 3333 414 3395 Il.
441 3334 469 3404 8,
498 3344 525 3410 5,
550 3331 629 3393 Plut.
655 3330 740 3393 Atat
764 3334 816 3413 24)
840 3331 934 3393 Staes
968 3331 1211 3412 inscriptionem
1246 3332 1340 3411 ponit

275 3447 350 3521 post
373 3437 565 3501 Corinthum
589 3446 721 3519 captam
746 3439 863 3518 24320).
909 3437 984 3518 Ego
1000 3439 1202 3501 accuratiora
1219 3438 1339 3499 eruisse

276 3546 362 3632 mihi
377 3545 508 3623 videor3
534 3563 609 3607 nam
633 3545 840 3625 Megarenses
864 3543 985 3606 foederi
1017 3544 1115 3607 additi
1148 3552 1224 3605 sunt
1254 3564 1338 3605 anno

273 3668 335 3729 243
361 3651 412 3733 (cl.
448 3650 598 3730 Droysen
633 3648 774 3713 Gesch.
800 3651 830 3711 d.
863 3650 1117 3713 Hellenism.²
1147 3652 1191 3712 Ill
1220 3656 1337 3732 1‚417),

276 3769 334 3820 aut
364 3774 426 3836 242
452 3757 505 3841 (cl.
530 3757 569 3820 U.
596 3759 638 3818 de
665 3758 880 3819 Wilamowitz
906 3758 1018 3837 Antig.
1044 3779 1074 3823 v.
1105 3759 1182 3820 Kar.
1207 3780 1238 3840 p.
1266 3768 1341 3841 302)

382 3934 414 4003 ²¹¹)
435 3938 521 3985 titulus
541 3937 681 4000 στοιχηδὸν
697 3937 801 3999 scriptus
820 3935 930 3985 ostendit
947 3936 1111 3984 Reinachium
1126 3936 1255 3986 »Trnite
1281 3938 1341 3986 d'd·

271 4026 470 4092 pigraphie«
492 4040 517 4087 p.
537 4024 588 4084 296
616 4024 682 4073 hanc
701 4024 828 4072 scribendi
847 4024 971 4073 rationem
989 4040 1040 4073 non
1066 4024 1131 4073 ultra
1149 4025 1245 4073 bellum
1266 4026 1341 4078 Chre-

271 4116 418 4169 monideum
437 4114 515 4163 luisse
533 4122 622 4178 putare
641 4122 774 4164 errantem.
