2900 4559
544 302 764 363 ...91-

115 509 202 563 rum‚
217 490 278 553 alia
291 491 329 555 cs.
345 493 379 556 C.
394 494 420 575 J.
435 493 472 557 G.
487 511 573 574 2349
589 496 610 558 b
625 504 658 557 et
669 495 745 574 Pap.
758 496 770 556 l
785 498 812 563 8.
837 494 974 557 Praedes
986 495 1183 556 constituun-

114 604 170 657 tur
200 618 228 659 n.
247 599 454 664 LXXXVIII.
503 602 684 665 Societates
715 602 844 664 decreta
878 608 1005 682 ponunt
1038 602 1068 663 in
1105 602 1184 664 urbe

117 705 252 785 capitali
265 706 303 773 cs.
312 727 363 769 nn.
374 708 526 773 LXXXV
539 718 572 771 et
583 708 789 772 LXXXVIII.
808 707 1070 771 Commemorem
1084 709 1182 769 etiam

116 810 264 875 honores
287 834 306 876 a
329 813 466 898 Delphis
491 816 638 878 decretos
662 816 742 877 Bull.
759 816 806 879 Vl
831 818 893 894 238
918 835 945 878 n.
965 831 1003 896 73
1030 818 1070 896 (n.
1085 813 1180 897 CVI),

118 920 176 997 qui
190 930 265 983 sunt
278 922 398 984 clvitati
410 922 489 995 laus,
504 922 662 999 iudicibus
676 932 709 985 et
720 923 847 986 scribae
858 921 927 983 laus
940 931 974 985 et.
984 941 1106 984 corona
1119 920 1183 983 lau·

118 1046 178 1088 rea
197 1046 214 1088 e
230 1029 352 1110 templo
368 1030 538 1110 Apollinis,
564 1030 601 1092 iis
618 1038 650 1093 et
665 1031 805 1113 posteris
820 1030 987 1112 proxenia,
1013 1027 1187 1119 isopolitiap

115 1136 315 1212 promentia,
348 1137 484 1218 asylum,
509 1138 703 1211 immunitas
729 1138 880 1220 proedria
904 1137 934 1199 in
959 1136 1051 1210 ludis
1076 1144 1184 1198 cetera

115 1241 270 1315 honesta,
306 1245 499 1307 convocatio
527 1244 568 1309 ad
602 1244 693 1325 ξένια
726 1243 781 1309 ἐπὶ
815 1242 879 1308 τὰν
913 1240 1029 1307 κοινὰν
1063 1238 1183 1315 ἑστίαν,

116 1346 291 1411 collocatio
330 1352 449 1413 decreti
487 1352 518 1414 in
557 1352 670 1434 templi
707 1352 782 1415 loco
816 1352 958 1413 maxime
996 1350 1185 1429 conspicue.

117 1455 281 1517 Extremo
304 1458 378 1520 loco
401 1467 535 1539 tangam
559 1460 647 1540 quod
671 1458 827 1522 Christius
857 1458 1048 1540 plerumque
1074 1457 1186 1522 titulos

117 1562 271 1624 inventos
312 1584 382 1627 esse
422 1566 589 1629 contendit
626 1566 658 1628 in
695 1566 807 1645 patriis
846 1564 988 1627 iudicum
1025 1565 1102 1645 quia
1140 1564 1185 1626 ibi

117 1668 258 1731 ambitio
282 1671 393 1735 iudicis
418 1682 450 1734 et
473 1673 610 1737 familiae
633 1694 675 1735 ne
689 1674 832 1755 perirent
847 1671 1049 1754 providisset.
1091 1668 1186 1733 Certe

117 1796 163 1836 ex
177 1786 269 1856 parte
281 1778 381 1841 altera
392 1779 488 1842 libelli
506 1781 569 1843 mei
587 1780 747 1861 usquead
764 1800 883 1843 annum
904 1778 988 1843 1866
1003 1798 1023 1839 a
1045 1776 1186 1840 Christio

116 1890 209 1944 stant
231 1886 490 1966 quattuordecim
514 1888 605 1960 tituli,
637 1896 753 1950 contra
782 1906 858 1950 eum
886 1894 1023 1965 septem,
1056 1886 1089 1947 in
1122 1885 1186 1946 uni-

119 2008 250 2052 versum
267 1993 488 2075 undetriginta
504 2013 565 2074 pro
581 2014 631 2069 eo,
649 1994 822 2057 duodecim
839 2003 952 2056 contra
969 2014 1052 2056 eum.
1091 1992 1188 2055 Ratio

119 2116 228 2177 paene
256 2108 306 2163 est
332 2113 363 2179 5:
388 2118 415 2164 2.
464 2104 569 2165 Nemo
601 2111 712 2165 autem
741 2101 875 2182 negabit
903 2101 992 2162 idem
1022 2100 1063 2162 de
1085 2098 1186 2161 titulis

120 2205 226 2287 partis
239 2208 353 2289 prioris
365 2207 459 2272 libelli
470 2211 533 2272 mei
545 2210 651 2272 valere
664 2209 784 2272 debere
793 2209 820 2271 si
833 2208 934 2271 modo
940 2205 1097 2271 Christius
1103 2213 1189 2269 recte

122 2314 260 2377 monuit.
293 2314 380 2377 Ecce
397 2338 499 2399 usque
516 2317 556 2379 ad
578 2316 661 2380 1866
677 2336 738 2398 pro
755 2335 794 2379 eo
811 2316 953 2379 dinicant
969 2334 1059 2387 unus,
1076 2320 1189 2377 contra

122 2440 199 2482 eum
223 2431 299 2496 tres,
325 2424 356 2483 in
380 2424 561 2487 universum
586 2424 651 2486 duo
674 2444 736 2505 pro
759 2443 809 2496 eo,
834 2431 911 2484 octo
934 2430 1046 2483 contra
1069 2439 1143 2482 eum
1168 2419 1187 2484 i.

121 2548 153 2591 e.
173 2544 201 2590 1:
219 2546 253 2606 4.
281 2529 383 2593 Vides
406 2551 458 2593 me
471 2532 502 2593 si·
514 2530 628 2594 vellem
645 2550 720 2592 meo
736 2530 804 2593 iure
819 2528 1014 2593 contrarium
1030 2525 1190 2589 affirmare

122 2654 232 2714 posse.
268 2635 335 2699 Sed
352 2638 439 2701 casui
455 2637 566 2703 deberi
582 2646 665 2727 puto
682 2639 737 2701 ubi
760 2636 870 2700 titulus
893 2635 935 2698 sit
950 2642 1105 2706 servatus,
1123 2652 1189 2694 non

123 2740 252 2804 familiis
262 2745 452 2807 memoriam
462 2745 650 2807 meritorum
662 2744 821 2807 maiorum
830 2740 1189 2823 retinerecupientibus.

233 2849 326 2913 Haec
342 2850 442 2914 habui
459 2872 543 2932 quae
560 2851 750 2912 dissererem
767 2870 872 2933 neque
887 2859 999 2911 tamen
1011 2866 1098 2927 nego
1111 2866 1188 2910 non-

122 2955 210 3017 nulla
234 2976 276 3019 ex
298 2958 336 3019 iis
361 2978 443 3039 quae
467 2957 587 3042 protuli
611 2956 746 3021 sortasse
769 2958 812 3021 ab
836 2956 899 3020 alio
923 2954 1024 3019 everti
1047 2974 1146 3035 posse
1163 2954 1189 3016 si
1228 3024 1234 3039 ⁸

124 3063 197 3143 quis
213 3064 246 3125 in
262 3083 312 3127 res
329 3064 469 3146 singulas
486 3065 663 3129 accuratius
681 3064 881 3146 inquisiverit
897 3082 996 3142 quam
1013 3060 1091 3123 mihi
1104 3061 1192 3123 licuit

124 3178 157 3233 et
181 3179 317 3252 propter
341 3172 485 3234 materiei
510 3191 663 3253 magnam
688 3170 807 3233 molem
831 3178 866 3233 et
880 3177 1018 3251 propter
1033 3168 1190 3248 temporis

124 3277 305 3358 angustias.
339 3277 425 3342 Satis
441 3278 531 3341 multi
547 3279 629 3343 tituli
645 3279 862 3360 corruptiores
876 3283 953 3339 sunt
965 3285 998 3339 et
1010 3274 1188 3337 maioribus

120 3386 213 3447 hiant
236 3384 359 3449 lacunis
382 3404 479 3468 quam
504 3395 538 3449 ut
561 3386 670 3450 omnia
693 3404 779 3467 quae
801 3383 1018 3446 continuerint
1033 3382 1188 3463 cognosci

124 3493 263 3574 possint.
310 3493 379 3556 Nec
402 3492 506 3557 lacere
529 3494 621 3576 potui
646 3501 682 3556 ut
710 3491 880 3573 diligenter
908 3490 1190 3569 circumspicerem

125 3610 235 3663 utrum
259 3604 353 3663 urbes
376 3598 538 3681 litigantes
559 3619 689 3681 semper
712 3618 823 3663 revera
852 3597 972 3661 liberae
1004 3596 1120 3659 suerint
1151 3617 1191 3658 an

126 3708 196 3788 regi
220 3708 394 3771 subiectae.
434 3708 538 3770 Huius
562 3708 614 3770 vel
630 3706 712 3769 illius
729 3704 811 3769 tituli
828 3713 969 3767 aetatem
987 3704 1085 3766 etiam
1100 3723 1192 3766 accu-

123 3816 225 3877 ratius
247 3816 313 3878 erui
339 3815 485 3897 potuisse
502 3823 583 3894 puto
607 3811 731 3877 collatis
755 3811 974 3892 scriptoribus.
1022 3809 1089 3873 Sed
1112 3809 1192 3872 haec

123 3921 236 3985 omnia
259 3929 334 3985 sunt
357 3923 426 3985 eius
455 3922 508 4003 qui
539 3920 614 3984 data
646 3922 781 3984 materie
810 3940 860 3982 res
892 3916 1033 3999 singulas
1065 3937 1193 3979 summa

122 4029 292 4109 diligentia
310 4038 449 4093 tractare
466 4028 645 4091 instituerit.
678 4027 789 4108 Quare
801 4027 826 4089 si
838 4026 957 4090 laboris
970 4022 1192 4104 magnitudine

121 4136 178 4199 hic
207 4136 270 4198 illic
300 4138 435 4201 obrutus
459 4136 620 4199 interdum
651 4136 756 4198 erravi
782 4135 910 4197 veniam
934 4152 987 4195 me
1011 4132 1195 4214 impetratu

120 4262 196 4307 rum
220 4262 292 4310 esse
315 4264 421 4327 spero,
