2900 4559
693 270 946 344 -9ο-’

270 486 384 539 contra
409 496 467 539 eos
490 474 563 539 CVI
596 486 629 539 et
660 497 701 538 ex
731 476 837 558 priore
867 484 960 558 parte
990 496 1021 540 n.
1038 474 1208 537 XXXVIII
1238 495 1342 557 quem

271 583 323 645 hic
346 584 584 670 addereflliceat,
602 585 656 647 lex
671 584 769 665 igitur
784 603 850 644 non
863 581 930 649 suit.
966 582 1041 664 Ego
1053 582 1134 645 haec
1146 584 1222 645 erui.
1255 583 1344 646 Post

272 710 392 755 annum
409 693 470 769 146
485 692 598 755 civitas
614 709 774 773 nusquam
790 691 822 752 in
838 689 938 753 titulis
954 708 1094 770 quorum
1110 710 1214 752 annus
1229 699 1343 752 certus

271 800 449 881 est,accipit
462 818 627 872 coronam,
642 822 670 865 n.
679 798 839 861 XXXVII
851 797 1008 859 laudatur.
1033 796 1120 858 Num
1131 797 1342 860 n.XXXVIII

271 906 382 968 ciuitas
412 906 591 970 honoribus
621 906 738 969 affecta
770 907 811 969 sit
838 926 904 968 non
933 916 1082 987 apparet;
1118 906 1231 968 ciuitas
1256 903 1343 966 nihil

272 1014 390 1093 accipit
418 1036 447 1077 n
463 1013 522 1077 CX
549 1022 582 1076 et
611 1011 793 1089 CXXXVI;
830 1034 860 1075 n.
877 1013 950 1077 CIX
984 1014 1131 1078 clvitates
1164 1010 1343 1074 laudantur

270 1129 306 1182 ut
340 1130 496 1205 οοοτῆρες,
530 1123 659 1205 βοηθοὶ,
698 1116 878 1205 ὑπέρμοχοι
916 1131 949 1185 et
987 1128 1230 1201 στεφανοῦνται
1262 1131 1342 1194 ταῖς

270 1229 433 1311 μεγίσταις
478 1240 595 1311 τιμαῖς.
647 1228 718 1291 Lex
765 1228 862 1309 igitur
906 1228 1003 1290 statui
1050 1228 1171 1309 nequit.
1220 1226 1342 1307 Neque

271 1336 465 1418 perspicitur
479 1336 532 1399 lex
547 1337 574 1398 si
591 1335 733 1399 advertis
756 1336 799 1397 ad
823 1336 966 1414 praemia
990 1334 1065 1397 data
1089 1343 1145 1397 aut
1161 1352 1182 1397 a
1197 1332 1339 1396 Graecia

267 1451 324 1504 aut
339 1443 381 1505 ab
397 1443 506 1505 insulis
522 1452 578 1506 aut
594 1443 636 1506 ab
659 1443 793 1505 urbibus
811 1442 971 1505 Asiaticis
1006 1442 1147 1523 Magnae
1163 1450 1197 1503 et
1213 1460 1338 1520 parvae

245 1608 249 1615 .
268 1550 414 1612 ciuitates
435 1550 554 1631 partim
577 1550 692 1613 eadem
716 1550 841 1613 donant
862 1549 900 1613 cs.
913 1568 965 1612 nn.
979 1549 1124 1623 LXXXI,
1148 1546 1330 1622 LXXXVI,

270 1653 413 1731 XCVIII,
439 1655 473 1730 C,
498 1655 548 1731 CI,
574 1655 739 1732 CXXXII;
768 1676 867 1737 parva
887 1657 1084 1738 Jassensium
1099 1657 1214 1718 civitas
1244 1654 1341 1737 plura

270 1763 373 1825 donat
396 1765 440 1845 (n.
453 1762 570 1848 XCIV)
595 1784 695 1843 quam
720 1764 841 1827 multae
865 1782 1004 1845 magnae
1027 1764 1185 1827 civitates.
1224 1762 1339 1843 Quam

268 1870 395 1932 diversa
418 1870 504 1932 dona
527 1871 689 1933 interdum
712 1871 838 1945 fuerint,
862 1871 1087 1933 demonstrant
1109 1890 1162 1933 nn.
1178 1870 1339 1933 LXXXV

269 1985 301 2038 et
316 1976 530 2058 LXXXVIII3
554 1997 633 2057 prae
654 1978 862 2060 Magnetibus
885 1978 1032 2041 Thessali
1057 1978 1123 2040 lere
1145 1977 1224 2040 nihil
1247 1977 1340 2038 dant.

271 2084 425 2147 Honores
448 2086 502 2166 qui
525 2086 709 2148 tribuuntur
733 2095 805 2148 sunt
828 2085 906 2160 laus,
931 2105 1054 2148 corona
1077 2105 1174 2147 aurea
1190 2085 1257 2146 sive
1274 2088 1337 2147 θα-
1376 2167 1381 2176 ,
1436 2116 1437 2124 ¹

268 2189 361 2275 λερὸς
376 2191 545 2272 στέφανος,
560 2194 725 2274 proxenia,
744 2192 865 2266 civitas,
883 2192 989 2255 aditus
1007 2192 1048 2254 ad
1063 2200 1212 2255 senatum
1230 2211 1338 2273 popu·

266 2298 409 2379 lumque,
438 2299 549 2378 imago
573 2307 675 2361 a'enea
704 2300 774 2363 sive
797 2300 894 2382 picta,
929 2296 1086 2383 ἔγκτηοις,
1118 2298 1269 2379 proedria
1298 2297 1335 2359 in

265 2402 356 2477 ludis,
377 2426 496 2469 nomen
513 2416 670 2491 οοοτῆρος,
685 2409 822 2490 βοηθοῦ,
847 2404 983 2479 isotelia,
1006 2405 1096 2489 ξένια
1120 2402 1163 2469 τὰ
1185 2404 1336 2488 μέγιστα,
1434 2443 1435 2494 i

265 2511 417 2588 εἴσπλους
429 2514 484 2577 καὶ
494 2504 730 2596 luarmg'pace
743 2513 903 2595 belloque,
918 2513 1063 2577 Invitatio
1076 2514 1108 2576 in
1124 2522 1332 2595 prytaneum,
1434 2505 1436 2524 '

266 2619 402 2701 asylum,
426 2621 608 2691 comitatus,
634 2621 838 2697 renuntiatio,
863 2620 1034 2683 collocatio
1058 2620 1177 2683 decreti
1200 2620 1232 2681 in
1255 2619 1333 2682 loco
1433 2643 1434 2688 3

266 2726 408 2809 publico,
425 2727 659 2810 apographum.
690 2727 725 2790 C.
737 2728 761 2809 J.
776 2727 814 2791 G.
829 2730 910 2809 2671
933 2730 973 2810 (n.
988 2726 1155 2810 CXXXII)
1172 2728 1234 2811 ipsi
1250 2728 1332 2790 iudi·
1433 2723 1434 2730 '

265 2853 319 2896 ces
336 2835 566 2916 apographum
583 2836 614 2897 in
631 2836 769 2917 patriam
785 2836 968 2918 deportant,
985 2834 1054 2898 aliis
1069 2836 1148 2898 locis
1170 2837 1270 2917 legati
1286 2839 1333 2899 ad

264 2941 296 3003 id
313 2941 414 3004 electi
440 2942 493 3004 Fit
509 2943 607 3004 etiam
624 2951 660 3005 ut
672 2942 866 3006 renuntiatio
883 2943 1004 3008 decreti
1019 2944 1148 3025 saepius
1162 2951 1332 3026 repetatur

267 3058 302 3110 ut
318 3048 463 3123 LXXIX,
486 3047 583 3121 XCII,
608 3048 656 3111 CI.
687 3050 830 3115 Decreta
852 3050 1049 3113 collocantur
1064 3060 1121 3113 aut
1134 3052 1167 3113 ln
1183 3050 1255 3113 foro
1272 3062 1332 3115 aut

267 3156 346 3218 etin
363 3155 496 3218 aedibus
520 3155 664 3231 deorum,
690 3158 939 3236 pronuntiantur
955 3157 1069 3220 diebus
1084 3157 1183 3221 festis
1216 3158 1329 3221 Liberi

265 3262 387 3341 posteri
410 3262 553 3324 iudicum
577 3282 822 3345 nonnumquam
839 3265 953 3330 iisdem
968 3267 1147 3330 honoribus
1164 3275 1328 3329 ornantur.

265 3369 330 3433 Ubi
344 3369 482 3431 tribunal
491 3370 698 3433 exiudicibus
706 3372 1096 3454 compluriumcivitatum
1104 3352 1329 3456 compositum

266 3485 344 3548 erat,
363 3484 396 3539 et
411 3476 579 3544 decretum
591 3496 766 3541 commune
778 3488 811 3542 et
823 3481 952 3560 singula
968 3483 1098 3545 decreta
1110 3480 1243 3562 singulis
1253 3480 1328 3542 civi·

265 3583 385 3646 tatibus
401 3581 532 3657 fiebant,
545 3584 712 3665 utriusque
728 3585 855 3668 singula
867 3588 1057 3671 apographa
1073 3590 1114 3653 ad
1128 3587 1271 3669 singulas
1285 3587 1331 3648 ci-

265 3690 382 3752 vitates
398 3691 609 3753 mittebantur
626 3690 663 3755 cf.
676 3712 730 3761 nn.
743 3691 871 3770 CXXX,
890 3694 1065 3759 CXXXVI.
1100 3696 1156 3759 Ad
1172 3714 1330 3758 coronam

265 3796 612 3877 mittebantursaepius
619 3808 707 3861 certa
717 3802 855 3879 pecunia
865 3802 958 3866 datur
971 3813 1006 3865 ut
1018 3803 1328 3871 n.LXXIVcentum

265 3903 446 3978 drachmae,
471 3903 619 3967 CXXXII
636 3906 779 3988 quinque
795 3908 919 3989 minae,
942 3920 1110 3993 praeterea
1126 3912 1169 3974 ad
1184 3930 1276 3973 sacra
1294 3920 1328 3973 et

264 4030 323 4092 pro
355 4010 444 4094 ξένια
475 4012 710 4093 quinquaginta
742 4013 916 4079 drachmae
946 4038 977 4083 n.
994 4018 1141 4093 LXXIV,
1171 4019 1213 4081 ad
1236 4039 1328 4083 sacra

263 4118 313 4181 vis
333 4120 493 4200 quaedam
509 4120 666 4203 pecuniae
681 4139 712 4186 n.
722 4120 789 4195 XC,
807 4120 896 4208 ξένια
912 4124 1150 4209 quinquaginta
1161 4126 1329 4192 drachma-
