2900 4559
677 265 897 329 ..84-

257 474 314 538 est,
348 463 438 546 quod
461 459 577 525 Graeci
607 464 661 545 qui
693 472 783 525 erant
813 463 844 524 in
879 449 960 525 A'sia
994 471 1027 525 et
1059 461 1135 525 alibi
1169 459 1319 523 fiduciam

258 570 377 633 diutius
409 589 554 633 servasse
588 571 738 633 videntur
772 590 869 649 quam
906 568 1019 632 Graeci
1058 569 1252 632 continentis
1285 568 1317 629 id

255 678 343 759 quod
370 676 521 755 exempla
544 678 644 759 partis
669 677 786 756 prioris
813 675 909 739 allata
932 698 963 758 p.
988 692 1026 739 10
1048 677 1123 742 adn.
1143 696 1158 756 5
1185 677 1315 739 demon·

253 793 362 848 strant.
417 784 462 847 Ut
496 802 561 845 non
595 784 699 847 solum
736 803 800 846 una
834 783 946 845 civitas
979 783 1037 845 sed
1072 793 1143 846 tota
1176 785 1317 847 societas

253 890 307 953 via
344 900 481 954 tractata
515 892 683 973 processit,
720 892 766 952 ita
799 892 896 953 etiam
931 910 995 951 non
1032 892 1132 954 modo
1170 912 1213 954 ex
1253 912 1317 955 una

252 1000 332 1061 urbe
360 998 418 1063 sed
450 1018 490 1059 ex
517 998 675 1071 societate
704 997 826 1060 iudices
857 998 991 1077 expetiti
1020 1008 1095 1061 sunt
1125 999 1176 1061 vel
1200 1020 1218 1061 e
1243 1009 1315 1061 toto

252 1105 375 1188 populo
402 1103 452 1185 (cl.
471 1124 498 1167 n.
516 1104 630 1180 LXIX,
656 1104 759 1168 CXIX
781 1114 815 1167 et
838 1106 869 1166 in
894 1114 986 1187 parte
1014 1105 1121 1188 priore
1152 1116 1187 1170 ut
1210 1106 1314 1169 simile

251 1232 282 1275 n.
300 1212 463 1294 XXXIV).
510 1213 702 1294 Plerumque
730 1233 773 1275 ex
802 1197 874 1275 uua'
899 1214 978 1275 urbe
1014 1214 1136 1277 iudices
1171 1213 1315 1277 arcessiti

250 1331 324 1384 sunt
348 1319 398 1402 (cs.
417 1328 527 1383 autern
551 1340 603 1388 nn.
619 1319 687 1393 CV,
713 1318 794 1393 CIX,
820 1319 948 1391 CXXX,
973 1319 1164 1403 CXXXVI),
1181 1321 1213 1382 in
1230 1340 1312 1401 sym·
1423 1309 1424 1316 ἵ

250 1428 332 1491 bolis
361 1448 498 1509 semper,
531 1437 565 1490 ut
596 1448 654 1509 per
684 1447 720 1489 se
751 1426 956 1508 intellegitur,
982 1448 1045 1490 una
1073 1428 1186 1491 civitas
1209 1428 1313 1490 electa

250 1546 309 1601 est.
356 1535 523 1598 ReIellitur
546 1536 636 1617 quod
659 1533 818 1596 Christius
841 1534 968 1615 scripsit
990 1554 1055 1597 non
1079 1545 1185 1598 certos
1209 1534 1309 1596 homi·
1423 1619 1424 1624 η

249 1664 306 1705 nes
344 1643 402 1706 sed
443 1644 607 1705 civitatem
648 1642 843 1704 advocatam
884 1662 955 1703 esse
993 1642 1116 1725 quippe
1155 1661 1238 1722 quae
1273 1661 1313 1702 ne

249 1750 401 1812 iudicium
436 1750 663 1831 neglegeretur
690 1750 796 1829 magis
831 1769 942 1813 curare
972 1750 1142 1832 potuisset,
1173 1750 1311 1811 tortasse

250 1867 358 1919 autern
394 1857 557 1939 expetitos
592 1876 663 1919 esse
697 1857 784 1919 viros
819 1858 1010 1919 nominatos.
1057 1855 1168 1937 Quid?
1203 1874 1312 1919 nonne

249 1963 422 2047 Pelopidas
446 1964 606 2037 iudicavit,
637 1982 747 2027 nonne
775 1964 861 2026 idern
892 1964 933 2025 de
965 1963 1079 2026 Aeaco
1110 1961 1221 2025 fictum
1246 1961 1311 2024 est?

247 2072 334 2133 Num
373 2072 488 2134 civitas
525 2072 599 2153 cogi
637 2072 746 2152 potuit
784 2079 819 2134 ut
856 2070 1009 2133 iudicium
1047 2090 1107 2152 pro
1150 2079 1241 2132 recto
1280 2077 1311 2130 et

247 2180 331 2241 iusto
354 2177 491 2241 haberet
514 2198 620 2260 neque
650 2178 854 2259 neglegeret?
893 2176 1050 2240 Christius
1073 2178 1158 2239 enirn
1182 2176 1310 2257 scripsit

252 2305 311 2346 »es
349 2285 470 2348 sollte
509 2287 609 2349 eben
648 2284 762 2347 nicht
800 2285 867 2346 ein
906 2283 1110 2347 einzelner
1154 2283 1306 2345 Privat·

247 2412 368 2466 mann,
415 2392 590 2473 spndern
628 2391 697 2453 der
735 2411 864 2473 ganze
903 2389 1026 2464 Staat,
1067 2391 1106 2451 in
1144 2390 1307 2469 einigen

245 2498 390 2562 F'aillen
413 2518 534 2579 sogar
561 2498 746 2561 mehrere
770 2496 952 2573 Staateu,
983 2498 1055 2560 wie
1078 2497 1214 2559 iriiher
1238 2499 1306 2558 das

245 2605 665 2686 Bundesoberhaupt,
703 2604 778 2666 mit
812 2604 922 2666 ihrer
956 2604 1206 2667 Auktoritat
1241 2604 1307 2665 fiir

245 2710 684 2793 Aulrechterhaltung
720 2711 789 2773 des
823 2711 1195 2793 Urteilsspruches
1229 2710 1304 2771 ein-

244 2828 410 2885 treteur,
458 2817 524 2881 Sed
547 2818 636 2899 quod
660 2819 725 2881 iarn
749 2838 781 2899 p.
800 2820 840 2895 38
864 2820 965 2899 partis
998 2819 1113 2901 prioris
1142 2817 1210 2878 dixi
1239 2836 1305 2877 non

242 2935 308 2988 tarn
341 2926 522 3005 potentiam
553 2944 650 3005 quarn
674 2926 828 2988 virtutem
850 2935 1033 3008 respectam
1062 2945 1143 2999 esse,
1179 2932 1304 3006 quanto

243 3034 349 3114 magis
361 3034 391 3095 in
407 3032 512 3095 causis
526 3031 576 3093 hic
593 3032 738 3094 tractatis
752 3030 820 3094 fieri
837 3033 958 3097 debuit.
986 3034 1046 3095 Est
1061 3042 1095 3095 et
1110 3038 1304 3112 argumento

243 3162 272 3207 n,
290 3140 394 3202 LXIX
411 3138 545 3201 collatus
561 3158 635 3200 cum
652 3137 805 3219 Polyb.11
823 3141 874 3216 38,
891 3140 913 3201 6
928 3158 985 3219 sq,
1010 3139 1114 3203 Strab.
1128 3160 1158 3221 p.
1176 3141 1246 3217 183,
1271 3157 1302 3198 n.
1423 3155 1424 3164 ¹

245 3247 412 3310 LXXXIV
425 3245 562 3308 collatus
578 3265 653 3307 cum
665 3244 801 3327 Polybio
812 3247 840 3308 Il
861 3260 875 3325 5
883 3261 909 3326 5,
922 3264 952 3326 9.
984 3247 1154 3309 Praeterea
1165 3264 1305 3325 magnae

241 3354 388 3416 civitates
403 3353 581 3416 identidem
594 3372 612 3413 e
624 3353 732 3434 parvis
748 3354 933 3417 civitatibus
948 3354 1087 3417 arbitros
1098 3353 1303 3415 adsciverunt

239 3460 277 3521 ei.
296 3481 324 3522 n.
342 3458 440 3534 LXX,
471 3458 813 3535 LXXVII-LXXIX,
843 3460 988 3535 LXXXI,
1019 3460 1172 3544 XCVlll;
1205 3458 1301 3539 quid?

239 3587 315 3629 nuru
334 3565 404 3629 illae
421 3566 565 3629 civitates
582 3585 701 3645 parvae
717 3567 845 3631 efficere
860 3577 1037 3651 potuerunt
1052 3589 1093 3631 ne
1109 3567 1225 3629 iudicia
1241 3586 1301 3629 sua

239 3672 497 3753 despicerentur?
533 3672 669 3752 Saepius
693 3674 855 3739 iudicandi
878 3676 925 3737 vis
948 3677 1070 3739 tributa
1094 3684 1144 3737 est
1166 3674 1300 3736 Andriis

238 3779 353 3855 AssiiS,
378 3780 642 3853 Atheniensibus,
667 3781 863 3862 Erythraeis,
887 3783 995 3857 Pariis
1018 3783 1244 3845 Prienensibus
1267 3788 1300 3843 et

237 3906 255 3948 e
291 3888 419 3971 populis
453 3908 483 3969 p.
511 3891 551 3968 38
582 3906 629 3965 sq.
654 3889 826 3950 nominatis
859 3891 914 3971 qui
949 3891 1049 3954 semel
1077 3890 1299 3952 iudicaverunt

238 3996 425 4057 nominandi
441 3994 494 4056 hic
510 4003 585 4056 sunt
601 3996 810 4070 Eretrienses,
835 3993 959 4072 Gnosii,
977 4000 1192 4081 Megarenses,
1210 3999 1296 4062 Rho·

235 4100 287 4175 dii,
313 4102 429 4179 Samii,
455 4102 558 4165 Lamii
584 4112 616 4166 et
640 4103 670 4164 in
695 4112 786 4189 parte
810 4106 917 4186 priore
934 4119 966 4172 et
984 4110 1014 4171 in
1032 4116 1173 4177 secunda
1196 4106 1296 4175 semel
