2900 4559
541 302 762 375 „1431ss

382 532 519 615 Partis
548 534 723 637 alterius
756 560 847 639 cap.
882 532 927 615 Β.

225 720 449 785 Tractavimus
466 744 578 787 causas
602 724 743 807 privatas
759 732 792 787 et
809 743 873 798 eas,
891 743 979 805 quae
993 730 1084 785 erant
1100 719 1183 784 inter'

123 829 209 892 cives
239 830 375 892 duarum
405 831 572 894 civitatum
605 841 661 894 aut
690 832 773 893 inter
802 831 959 911 homines
979 830 1122 910 privatos
1151 837 1183 890 et

123 937 287 1000 civitatem
303 938 439 1001 alienam
453 947 486 1000 et
500 958 553 999 eas
565 959 649 1020 quae
666 947 756 1002 erant
768 938 851 1019 inter
867 937 960 1000 unius
971 938 1182 1018 eiusdemque

122 1044 257 1107 civitatis
280 1044 373 1107 cives
419 1044 569 1108 Vidimus
592 1045 755 1108 interdum
778 1045 861 1107 inter
876 1045 1023 1108 civitates
1039 1042 1183 1127 σύμβολα

123 1148 204 1214 iacta
228 1171 299 1214 esse
323 1152 364 1214 de
387 1154 491 1215 causis
515 1152 628 1217 futuris
652 1161 708 1215 aut
731 1153 773 1215 ad
797 1172 857 1227 res,
883 1172 966 1233 quae
989 1153 1101 1214 iamin
1118 1171 1181 1213 am·

126 1259 226 1339 biguo
242 1268 342 1333 erant,
360 1258 587 1323 decernendas.
612 1260 711 1341 Quod
723 1279 840 1323 causae
853 1260 998 1351 privatae
1011 1260 1093 1321 inter
1104 1257 1184 1320 duas

125 1366 273 1429 civitates
309 1386 375 1428 non
410 1376 478 1429 tam
512 1387 612 1450 saepe
645 1366 833 1430 acciderunt
867 1386 966 1449 quam
999 1367 1031 1428 in
1066 1364 1182 1429 eadem

126 1474 264 1548 civitate,
282 1473 361 1536 nihil
378 1474 448 1535 miri
471 1474 579 1537 habet.
614 1472 712 1555 Quod
730 1473 875 1557 σύμβολα
891 1494 956 1536 non
979 1473 1184 1537 inveniuntur

123 1581 180 1641 nisi
215 1580 247 1641 in
281 1580 391 1643 insulis
425 1582 514 1643 casui
549 1579 659 1644 deberi
695 1601 822 1644 censeo
881 1580 1003 1645 Causas
1041 1580 1184 1663 privatas

124 1688 154 1750 in
177 1688 291 1751 eadem
315 1687 446 1750 civitate
470 1690 514 1751 ita
538 1688 579 1750 ad
602 1686 700 1750 finem
724 1688 898 1771 perductas
915 1708 987 1751 esse
1002 1686 1183 1749 invenimus

124 1795 154 1856 in
177 1795 267 1870 Asia,
292 1793 413 1867 insulis,
431 1803 500 1857 tota
517 1792 663 1870 Graecia,
688 1796 767 1876 quin
783 1796 882 1859 etiam
898 1815 1096 1877 quamquam
1112 1814 1184 1855 raro

123 1901 152 1963 in
168 1902 289 1984 Magna
312 1900 456 1965 Graecia.
502 1902 599 1965 Putat
627 1901 675 1964 Le
697 1902 930 1967 Basiusinscr.
947 1902 1018 1964 cah.
1036 1900 1068 1963 V
1091 1920 1122 1979 p.
1143 1916 1182 1981 72

123 2028 191 2090 sqq.
208 2009 282 2071 ideo
294 2029 313 2071 a
326 2008 511 2071 civitatibus
523 2010 565 2071 ad
581 2009 760 2073 discordias
776 2009 944 2072 intestinas
963 2008 1184 2072 diiudicandas

121 2116 241 2177 accitos
258 2136 329 2177 esse
345 2116 467 2178 iudices
487 2127 650 2192 externos,
669 2116 760 2198 quod
772 2115 888 2179 Graeci
900 2136 918 2179 e
931 2116 1062 2178 foedere
1078 2115 1182 2189 Delio,

123 2232 277 2301 quantum
290 2222 411 2285 valeret
424 2223 577 2286 iudicium
589 2225 806 2306 peregrinum,
821 2223 1051 2303 cognovissent
1064 2231 1097 2285 et
1110 2242 1184 2285 cum

122 2328 280 2409 Cyclades
305 2328 359 2391 diu
383 2328 637 2394 Atheniensibus
661 2330 826 2394 subiectae
849 2328 985 2393 fuissent
1009 2349 1121 2393 earum
1137 2331 1181 2391 in·

121 2436 205 2498 colas
237 2445 272 2498 ut
301 2437 423 2518 peritos
454 2438 529 2500 iuris
560 2437 768 2501 Atheniensis
797 2444 922 2500 creatos
952 2457 1024 2499 esse
1048 2436 1177 2498 iudices.

122 2542 272 2606 Similiter
289 2541 447 2607 Christius
470 2566 536 2609 non
558 2546 617 2607 nisi
635 2565 654 2608 a
670 2544 856 2608 civitatibus
880 2544 996 2625 parvis,
1022 2544 1179 2624 imprimis

121 2651 161 2713 ab
183 2651 221 2711 iis
246 2636 330 2729 quaie
354 2650 487 2715 fuissent
511 2651 650 2716 foederis
673 2653 883 2716 Atheniensis
906 2651 1082 2732 participes
1105 2649 1182 2712 talia
1207 2644 1212 2653 ’

120 2758 237 2819 iudicia
271 2757 368 2821 citata
398 2779 469 2821 esse
504 2769 592 2823 ratus
621 2768 672 2822 est
705 2760 780 2822 inde
803 2781 822 2822 a
846 2769 1005 2839 tempore,
1035 2777 1100 2836 quo
1131 2757 1184 2818 de-

119 2863 271 2926 fecissent
288 2884 306 2924 a
322 2862 451 2928 foedere
469 2865 531 2940 illo,
556 2886 659 2947 usque
683 2868 723 2929 ad
747 2875 887 2949 tempus
906 2887 973 2948 quo
989 2885 1009 2928 a
1025 2862 1185 2925 Romanis
1238 2935 1243 2944 ,

121 2972 247 3034 subacti
282 2980 398 3047 essent,
430 2974 489 3035 etsi
520 2974 585 3036 iam
617 2984 711 3037 antea
740 2994 847 3056 pauca
876 2971 1026 3055 exempla
1057 2978 1185 3033 exstare

120 3078 281 3141 concedit.
330 3080 421 3142 Idem
446 3078 617 3143 Sterretius
632 3081 744 3160 Papi
769 3097 787 3162 7
812 3082 855 3161 (n.
871 3078 964 3165 XCI).
1013 3078 1079 3142 Sed
1096 3076 1185 3159 quod

121 3189 166 3253 Le
184 3189 281 3251 Basio
297 3188 386 3251 licuit
403 3187 511 3249 dicere
526 3188 570 3250 ob
586 3189 785 3268 paucitatem
803 3188 969 3250 titulorum
983 3185 1184 3257 effossorum,

122 3297 207 3359 idem
232 3294 373 3359 Christio
390 3302 422 3357 et
446 3294 602 3357 Sterretio
627 3315 692 3357 non
716 3295 780 3357 iam
804 3294 891 3357 licuit
908 3302 958 3357 tot
975 3290 1184 3373 inscriptioni-

121 3406 182 3466 bus
207 3404 351 3467 detectis.
387 3402 472 3465 Nam
489 3410 522 3464 et
544 3410 619 3465 ante
635 3399 750 3465 foedos
763 3402 893 3465 Delium
911 3421 1014 3483 pauca
1035 3398 1186 3480 exempla

122 3521 253 3593 praesto
280 3518 363 3583 sunt,
395 3530 500 3591 neque
529 3528 607 3571 vero
642 3508 796 3579 invenies,
833 3511 921 3589 quod
950 3530 969 3571 e
998 3506 1126 3570 Christii
1154 3513 1187 3567 et

125 3618 270 3681 Sterretii
294 3618 452 3680 sententia
478 3624 658 3695 exspectes,
684 3615 814 3677 saeculo
831 3615 945 3695 quinto
969 3621 1108 3677 exeunte
1131 3620 1186 3673 aut

123 3726 250 3787 saeculo
287 3733 402 3805 quarto
430 3724 569 3805 plurima
599 3721 759 3805 exempla,
794 3704 894 3784 immo
929 3721 1058 3785 saeculo
1089 3718 1186 3782 tertio

124 3841 156 3895 et
180 3834 336 3915 proximis
360 3831 528 3913 permulta,
553 3829 682 3893 saeculo
699 3830 813 3910 quinto
830 3840 864 3893 et
879 3837 995 3911 quarto
1012 3847 1186 3910 perpauca.

124 3940 291 4003 Praeterea
336 3938 362 4001 si
402 3938 522 4001 foederi
568 3935 762 4001 Atheniensi
810 3934 1027 3999 interfuissent
1072 3954 1187 3997 omnes

126 4048 270 4109 civitates
304 4066 404 4129 supra
440 4046 563 4119 allatae,
603 4044 692 4125 quod
730 4063 796 4106 non
832 4045 877 4107 ita
911 4051 969 4115 est,
1009 4050 1042 4105 et
1079 4041 1187 4104 statim

126 4165 199 4235 post
222 4154 337 4217 foedus
361 4162 491 4236 ruptum
515 4152 598 4213 hanc
623 4170 743 4214 novam
770 4149 934 4212 iudicandi
950 4150 1036 4211 viam
1052 4146 1187 4227 ingressi

1060 4274 1078 4332 6
