2900 4559
656 256 896 317 -120-

248 449 333 531 (Val.
349 448 433 511 Max.
448 448 510 511 Vll
537 464 565 529 7,
592 449 625 533 6)
650 448 765 511 Asiam
789 448 1028 512 administrasse
1045 455 1184 529 putaret,
1210 446 1309 525 Berg·
1426 445 1428 506 ἶ

248 575 387 618 mannus
423 554 566 618 ostendit
600 574 674 617 eam
713 556 806 617 annis
841 555 1138 636 678l76-680J74
1171 553 1207 615 L.
1228 553 1312 634 Junii

248 661 384 725 fastibus
429 662 584 741 paruisse,
631 681 706 723 cum
752 660 903 723 Aufidius
948 661 1087 742 illyriam
1126 660 1308 741 obtigisset.
1426 670 1428 709 ⁵

249 769 336 831 Adn.
364 772 401 832 81
444 768 669 849 Bergmannus
707 768 749 831 de
786 768 903 857 eqdem
943 767 1076 831 Aufidio
1114 768 1167 849 agi
1205 775 1311 847 putat,
1426 770 1428 790 ²

248 876 302 957 qui
333 895 418 938 anno
451 890 512 955 170
543 875 689 937 tribunus
720 874 825 957 plebis
853 874 964 936 suisset
988 874 1069 958 (Liv.
1089 890 1141 954 43,
1169 877 1212 956 8).
1258 873 1313 934 De

249 981 512 1065 propraetoribus
550 981 650 1044 Asiae
696 980 897 1063 praesidibus
943 980 1140 1064 reipublicae
1186 989 1312 1061 tempo·
1426 958 1428 1030 ἶ

250 1088 337 1151 ribus
361 1086 400 1152 cs.
416 1088 514 1150 etiam
545 1087 743 1168 Marquardt.
767 1095 847 1151 rb'm.
864 1087 1075 1152 Staatsverw.
1100 1088 1113 1149 Ι
1139 1107 1172 1167 p.
1191 1089 1255 1167 336
1279 1096 1313 1149 et

253 1208 313 1275 517
338 1215 385 1276 sq.
431 1195 512 1257 Item
537 1194 636 1256 Meier
659 1214 690 1274 p.
710 1210 751 1275 32
775 1194 882 1256 adn.1
911 1194 1024 1255 Asiam
1049 1202 1125 1257 ante
1148 1192 1313 1256 Christum

153 1321 157 1331 ·
251 1302 442 1384 plerumque
466 1320 485 1363 a
509 1301 773 1381 propraetoribus
796 1301 1052 1364 administratam
1075 1320 1147 1363 esse
1163 1299 1313 1362 affirmat.

252 1409 474 1489 Bergmannus
498 1408 698 1489 argumentis
720 1406 854 1488 prolatis
871 1404 1038 1486 c'omplura
1061 1407 1181 1469 addere
1196 1406 1312 1489 potuit.

249 1515 391 1577 Primum
427 1514 511 1577 enim
548 1515 705 1596 scriptura
740 1534 805 1577 non
840 1523 889 1577 est
926 1514 1044 1577 saeculi
1083 1513 1197 1594 primi,
1236 1532 1313 1575 nam

250 1621 426 1684 litterarum
443 1622 474 1684 Α
491 1622 527 1684 Π
545 1618 577 1693 Ξ
595 1629 743 1683 recentes
758 1619 882 1683 formae
906 1641 1076 1703 nusquam,
1101 1643 1119 1684 o
1142 1620 1258 1692 sexies
1289 1623 1315 1684 0

250 1728 439 1809 saepissime
463 1714 623 1807 leguntur,
648 1750 660 1789 ι
682 1728 786 1793 adscr.
811 1728 903 1790 deest
925 1736 1050 1809 quater,
1075 1728 1169 1790 adest
1205 1726 1314 1789 decies

251 1834 364 1897 sexies.
401 1834 452 1897 De
477 1857 488 1898 ι
503 1835 608 1901 adscr.
625 1832 663 1899 cs.
678 1834 831 1897 Reinach.
849 1834 943 1897 traite
957 1854 1014 1916 pp.
1030 1848 1094 1914 270
1109 1854 1157 1915 sq.
1196 1832 1316 1896 Sermo

250 1949 300 2004 est
325 1960 412 2003 mere
436 1938 588 2004 Graecus.
634 1941 805 2003 Praeterea
829 1939 916 2003 Sulla
947 1941 1017 2023 ipse
1040 1940 1154 2005 Asiam
1188 1940 1315 2002 ordina-

253 2048 300 2110 vit
323 2047 362 2110 cl.
382 2048 580 2129 Marquardt.
606 2049 620 2109 Ι
650 2068 681 2129 ρ.
701 2061 785 2128 3373
822 2067 927 2129 neque
950 2048 1049 2127 igitur
1080 2046 1234 2109 credibile
1265 2055 1317 2109 est

251 2154 439 2227 discordias,
464 2174 548 2236 quae
575 2155 754 2218 secundum
785 2154 986 2217 Boeckhium
1017 2173 1103 2218 anno
1137 2156 1178 2216 88
1211 2154 1315 2215 Adra-

250 2261 356 2342 myttii
392 2261 554 2323 excitatae
588 2270 688 2335 erant,
720 2283 740 2323 a
769 2260 858 2323 Sulla
893 2262 1092 2344 compositas
1128 2280 1194 2322 non
1233 2280 1315 2323 esse.

250 2354 365 2449 Neque
396 2368 443 2431 Le
466 2367 579 2430 Basius
612 2387 717 2448 neque
745 2368 929 2431 Boeckhius
957 2368 1091 2445 habent,
1124 2388 1190 2449 quo
1223 2365 1315 2429 Aufi-

252 2475 341 2538 dium
365 2474 530 2538 consulem
554 2476 744 2555 magistratu
776 2473 981 2557 perfunctum
1004 2475 1106 2537 Asiae
1136 2473 1316 2554 praefuisse

251 2584 486 2647 demonstrent.
535 2582 674 2645 Accedit
697 2582 796 2662 quod,
824 2601 897 2643 cum
921 2580 1081 2655 Aufidius,
1112 2581 1153 2643 de
1176 2602 1244 2662 quo
1267 2580 1316 2642 Le

252 2690 367 2753 Basius
401 2689 535 2769 cogitat,
569 2697 746 2767 antequam
779 2688 990 2770 adoptaretur
1022 2688 1064 2751 ab
1097 2686 1154 2750 Cn.
1180 2687 1316 2750 Aufidio

253 2796 307 2858 illo
346 2794 525 2857 admodum
559 2814 645 2868 sene,
686 2814 807 2856 nomen
844 2794 969 2858 Orestis
1003 2794 1139 2857 haberet
1173 2793 1226 2877 (cs.
1250 2792 1316 2857 Cic.

253 2903 294 2965 de
339 2903 425 2965 dom.
459 2900 478 2963 l.
511 2901 547 2984 l.)
586 2902 843 2966 desideraremus
881 2901 1086 2982 aliquatenus
1125 2920 1317 2983 cognomen

253 3009 386 3082 Orestis,
426 3007 452 3069 si
491 3009 538 3071 Le
572 3008 670 3071 Basio
708 3009 954 3090 assentiremur3
990 3029 1066 3072 nam
1103 3009 1135 3071 in
1176 3008 1317 3071 decretis

254 3113 440 3178 honorificis
490 3116 554 3178 iarn
606 3114 784 3196 antiquitus
837 3136 1023 3197 cognomen
1068 3116 1218 3179 additum
1265 3123 1317 3177 est

255 3222 418 3304 adoptatis
450 3220 489 3290 cl.
507 3222 748 3285 Mommsenum
777 3223 895 3289 Herm.
909 3224 951 3285 lll
981 3221 1064 3302 1869
1094 3244 1124 3305 p.
1142 3222 1196 3299 63,
1232 3230 1317 3287 rb'm.

254 3330 483 3413 Forsclmng.l
514 3350 571 3411 pp.
590 3345 640 3407 23,
672 3330 739 3410 476
768 3350 851 3411 sqq,
881 3329 1077 3411 Marquardt.
1101 3330 1319 3394 Privatlebcn

254 3437 313 3501 der
334 3438 457 3500 Ro'mer
487 3437 589 3517 (Hdb.
606 3438 636 3499 d.
653 3443 734 3500 rdm.
749 3438 817 3501 Alc.
834 3436 909 3512 VII)
937 3436 1016 3517 Lpz.
1039 3435 1138 3499 18862
1170 3435 1221 3501 ed.
1238 3435 1318 3498 Mau

254 3564 283 3625 p.
298 3555 333 3622 15
349 3542 422 3609 adn.
438 3555 464 3621 5.
481 3542 596 3622 Neque
604 3551 714 3605 autem
727 3552 803 3605 ante
812 3561 933 3603 annum
947 3559 958 3602 1
966 3559 1005 3622 33
1019 3540 1130 3605 titulus
1143 3543 1319 3624 ponendus
1421 3585 1428 3615 ,

256 3658 318 3725 est;
343 3668 417 3711 nam
434 3668 509 3711 cum
525 3649 567 3710 ad
583 3648 615 3710 id
633 3657 763 3729 tempus
778 3648 1023 3730 Adramyttium
1040 3657 1126 3712 esset
1148 3652 1212 3713 sub
1236 3651 1319 3731 regi-

254 3756 324 3828 bus,
342 3752 594 3839 ἀντιστρατήγῳ
611 3755 763 3817 Romano
779 3764 850 3819 tum
867 3756 910 3819 ibi
928 3756 1032 3819 nullae
1057 3756 1190 3819 omnino
1207 3766 1320 3837 partes

255 3870 352 3924 erant
400 3862 451 3923 De
480 3862 595 3924 ceteris
625 3861 706 3924 haec
730 3862 827 3925 addo.
862 3864 935 3940 V.5
962 3883 1065 3925 nexus
1089 3872 1186 3945 aptus
1210 3865 1315 3930 deest.

255 3968 410 4033 Boeckhii
426 3970 587 4033 sententia
603 3965 664 4044 τὰς
680 3967 767 4033 κατά
783 3992 819 4033 τε
835 3967 914 4044 τοὺς
930 3968 1049 4052 νόμους
1065 3986 1205 4055 συνεστη
1222 3972 1319 4047 κυίας

256 4074 347 4150 δίκας
358 4077 414 4141 καὶ
425 4073 511 4140 κατὰ
523 4072 566 4141 τὰ
578 4073 843 4158 ἀναπεμφθέντα
855 4068 1002 4160 δόγματα
1015 4077 1191 4141 dicendum
1208 4077 1317 4153 luisse,
