2900 4559
676 303 896 369 -52-

251 482 379 573 civitas,
410 498 448 562 L.
470 499 630 563 Marcilius
659 501 867 582 magistratus
897 500 1065 563 Romanus
1101 497 1321 561 Athenienses
1434 513 1435 580 j

257 606 396 669 arbitros
433 606 471 669 iis
508 607 607 682 dedit,
639 608 694 687 qui
732 627 792 689 pro
829 606 987 671 Romanis
1025 606 1220 667 sententiam
1255 606 1322 667 edi-

257 712 382 776 derunt.

664 840 789 986 ¹cap.
825 878 876 961 ΙΙ.

363 1031 460 1096 Haud
489 1053 562 1095 raro
590 1034 738 1097 civitates
771 1041 907 1107 veteres,
944 1050 1029 1115 quae
1063 1032 1209 1094 nondum
1243 1032 1321 1113 legi-

255 1139 315 1201 bus
349 1139 476 1223 scriptis
511 1140 692 1215 utebantur,
723 1140 852 1221 legibus
881 1138 947 1201 suis
970 1158 1038 1201 non
1060 1139 1125 1201 iam
1145 1147 1320 1201 contentae

255 1245 341 1307 viros
392 1246 532 1329 insignes
583 1265 719 1330 peregre
770 1246 957 1309 acciverunt
1007 1246 1061 1325 qui
1114 1246 1205 1329 leges
1256 1246 1321 1309 sibi

256 1352 380 1426 darent,
406 1354 451 1415 ita
466 1354 608 1436 Rhegini
623 1353 832 1417 Charondam
848 1351 1064 1426 Catinensem,
1089 1352 1321 1415 Chalcidenses
1434 1359 1435 1376 ²

167 1496 172 1507 ·
255 1458 385 1523 Thracii
420 1460 689 1524 Androdamanta
723 1460 920 1546 Rheginum,
955 1458 1104 1522 Thebani
1137 1459 1320 1522 Philolaum

255 1564 471 1643 Corinthium,
505 1567 557 1631 alii
587 1568 668 1630 alios
696 1566 738 1634 cf.
761 1565 1056 1629 Fabricius-Harles
1085 1564 1161 1628 bibl.
1188 1563 1319 1631 Graec⁴.
1434 1545 1435 1628 l

254 1672 316 1736 vol.
348 1674 380 1736 ΙΙ
412 1693 466 1757 pp.
507 1676 547 1737 28
582 1694 652 1756 sqq.
683 1672 845 1747 Similiter,
886 1674 914 1735 si
950 1672 1117 1735 discordiis
1156 1673 1319 1735 intestinis
1434 1661 1435 1708 1

253 1781 366 1843 civitas
386 1782 486 1843 scissa
501 1790 579 1856 erat,
604 1800 762 1863 persaepe
785 1780 907 1843 iudices
930 1781 1030 1843 exteri
1052 1779 1202 1843 advocati
1226 1787 1313 1853 sunt,

224 1888 309 1968 ·qui
341 1907 455 1950 causas
487 1888 656 1969 exigerent
678 1898 712 1950 et
734 1887 895 1950 interdum
931 1907 1032 1950 novas
1066 1886 1156 1966 leges
1190 1885 1317 1951 darent.
1434 1869 1435 1936 Ῐ

253 1992 391 2057 Proinde
407 1995 547 2076 primum
566 2015 791 2059 enumeremus
807 2013 864 2057 eos
879 1993 970 2056 locos
985 1994 1041 2057 ubi
1056 1994 1169 2056 civitas
1186 1993 1316 2074 penitus
1434 2067 1435 2070 Ἴ

252 2100 383 2163 turbata
399 2110 450 2163 est
466 2121 585 2183 magna
600 2103 754 2183 variaque
776 2100 937 2164 discordia
954 2101 1093 2164 excitata
1107 2101 1220 2179 eisque
1236 2119 1318 2162 asse·
1434 2087 1436 2171 ζ

254 2227 362 2270 ramus
396 2228 453 2271 eos
488 2209 544 2272 ubi
578 2211 671 2272 unius
706 2227 823 2273 causae
857 2204 895 2270 fit
928 2208 1060 2281 mentio,
1095 2216 1167 2270 tum
1205 2226 1319 2269 earum
1434 2215 1435 2298 ᾗ

253 2313 419 2377 civitatum
464 2334 578 2378 causas
624 2335 706 2396 quae
744 2316 777 2378 in
820 2314 954 2397 longum
1001 2323 1132 2396 tempus
1175 2315 1318 2376 externis
1434 2305 1435 2362 l

253 2420 426 2483 utebantur
448 2421 607 2486 iudicibus
630 2421 925 2503 magistratibusve,
957 2431 1126 2501 postremo
1156 2440 1210 2483 eas
1242 2420 1317 2482 civi·
1434 2405 1435 2456 3

250 2536 335 2591 tates
359 2526 476 2610 quibus
498 2549 527 2603 a
541 2530 672 2609 regibus
709 2529 905 2593 Romanisve
939 2528 1060 2591 iudices
1091 2527 1217 2591 externi
1248 2527 1319 2590 dati

251 2643 335 2697 sunt.

747 2784 819 2881 l,1.

357 2937 505 3025 Hernicis
540 2936 741 3021 temporibus
774 2935 946 3001 tribuenda
979 2945 1055 2999 sunt
1092 2936 1317 3015 antiquissima

252 3044 410 3127 exempla.

358 3168 459 3242 LXV,
487 3168 576 3233 Pind.
607 3169 631 3250 J.
666 3171 739 3247 8,23
770 3188 819 3249 sq.
854 3169 1001 3233 Deorum
1036 3187 1149 3231 causas
1184 3168 1315 3231 Aeacus

252 3275 379 3338 sustulit
401 3276 534 3339 arbitrio
558 3295 626 3338 suo.

359 3400 473 3463 LXVI.
498 3399 583 3462 Paus
614 3400 627 3463 Ι
659 3402 736 3481 39,6
768 3401 864 3465 Nisus
902 3400 1073 3463 Pandionis
1113 3398 1195 3463 filius
1238 3419 1314 3463 cum

253 3506 395 3581 Scirone,
412 3508 467 3589 qui
483 3512 648 3591 pronepos
664 3506 793 3589 Lelegis
813 3527 886 3571 esse
901 3496 1009 3582 fertur,
1034 3506 1075 3570 de
1090 3523 1191 3589 regno
1203 3505 1315 3587 Mega·

253 3614 320 3676 rico
333 3615 482 3691 certavit;
496 3615 587 3678 idem
603 3615 733 3678 Aeacus
749 3615 867 3678 arbiter
883 3634 941 3678 eos
956 3613 1136 3677 conciliavit
1149 3634 1186 3676 ea
1202 3614 1313 3676 condi-

250 3720 351 3793 cione,
372 3729 411 3783 'ut
425 3721 522 3784 Nisus
546 3730 578 3783 et
601 3722 723 3801 posteri
746 3729 894 3784 tenerent
916 3740 1062 3803 regnum,
1088 3719 1203 3783 Sciron
1225 3740 1311 3783 sum·

250 3845 322 3888 mus
345 3827 412 3889 dux
434 3828 507 3891 belli
532 3825 671 3911 esset.⁸⁷)

356 4074 388 4146 ²⁷)
409 4076 502 4127 Similis
520 4078 687 4127 controversia
706 4077 739 4127 de
756 4091 835 4143 regno
851 4078 917 4128 inter
935 4078 1083 4127 Medontem
1102 4085 1127 4128 et
1144 4078 1252 4128 Nelenm
1272 4094 1312 4133 na.

252 4166 317 4218 1068
346 4165 467 4239 (Clinton.
491 4164 558 4235 fast.)
585 4166 716 4217 disciditur
740 4168 774 4217 ab
801 4168 903 4218 oraculo
930 4168 1057 4234 Delphico
1081 4167 1155 4220 Paus.
1181 4168 1232 4217 Vll
1258 4180 1312 4231 2,1.
