2900 4559
679 270 903 331 ..yg-

263 459 351 522 drius
388 461 506 541 dIgnus
538 460 676 525 habetur
705 480 828 525 corona
858 482 956 526 aurea
983 472 1015 525 et
1045 462 1184 542 imagine
1212 481 1321 534 aenea,

261 568 367 631 scriba
390 590 511 633 corona
534 590 632 634 aurea
655 578 689 632 et
711 571 853 651 imagine
882 570 969 650 picta
990 566 1027 633 ἐν
1049 564 1154 653 ὅπλῳ.
1202 567 1320 633 Secun-

263 674 341 737 dum
365 696 416 743 vv.
445 692 527 758 5-7
551 678 690 741 Romani
715 678 839 759 aliquas
861 687 971 760 partes
994 685 1139 759 egerunt

367 802 555 866 CXXXVII.
588 803 636 865 Le
659 803 722 865 Bas
760 803 803 864 ΙΙΙ
843 818 860 880 3
867 806 934 881 58a
989 803 1041 865 De
1085 801 1321 883 Mylasensibus

263 908 483 972 iudicaverunt
506 910 573 973 bini
596 909 717 973 iudices
748 918 780 972 et
808 910 944 983 scribae,
976 930 1058 971 unus
1090 910 1323 991 dicastagogus

261 1036 279 1078 e
301 1015 475 1079 Termesso
490 1016 622 1091 Maiore,
639 1016 777 1079 Pisidiae
793 1017 888 1100 urbe3
912 1018 989 1098 quia
1005 1016 1203 1081 Caesennius
1218 1015 1321 1079 Paeto

260 1122 434 1205 proconsul
458 1132 744 1197 commemoratur,
770 1124 797 1186 is
825 1144 884 1187 eos
917 1124 1055 1187 arbitros
1088 1124 1165 1188 dare
1195 1123 1323 1186 videtur

260 1230 397 1293 iussisse.
443 1230 528 1293 Eum
551 1231 612 1294 sub
635 1232 825 1293 Domitiano
840 1230 1069 1313 proconsulatu
1086 1230 1232 1293 sunctum
1250 1252 1322 1294 esse

260 1337 463 1401 demonstrat
485 1337 657 1401 Andresen
680 1339 721 1401 ad
745 1338 822 1401 Tac.
847 1358 920 1402 ann.
945 1339 1023 1401 XlV
1046 1358 1117 1421 cap.
1142 1354 1192 1418 29.

751 1542 824 1638 3,2.

366 1693 570 1761 CXXXVIII.
600 1695 691 1758 Paus.
722 1695 784 1760 VII
817 1714 848 1775 9,
877 1698 951 1776 5⁴⁹).
1007 1694 1090 1758 Cum
1127 1693 1251 1758 Achaei
1288 1705 1321 1758 et

259 1802 509 1865 Lacedaemonii
532 1802 564 1863 in
588 1801 675 1864 litem
699 1803 886 1865 incidissent
909 1822 995 1864 anno
1027 1804 1088 1877 184
1120 1802 1205 1882 inde,
1231 1802 1323 1883 quod

259 1908 512 1972 Lacedaemonii
535 1910 577 1972 ad
602 1908 716 1971 foedus
740 1907 946 1973 Achaeorum
970 1930 1005 1971 se
1029 1908 1191 1992 applicare
1216 1910 1322 1971 coacti
1429 1981 1430 2004 ,

262 2016 303 2078 ab
328 2015 471 2079 Achaeis
494 2037 529 2078 se
563 2016 646 2078 male
678 2025 835 2080 tractatos
866 2037 937 2080 esse
971 2016 1128 2089 dixerant,
1157 2037 1177 2078 a
1208 2025 1324 2079 senatu
1429 2027 1430 2030 ’

259 2124 411 2186 Romano
446 2124 578 2207 Appius
608 2124 817 2207 collegaeque
852 2122 940 2186 missi
977 2132 1061 2197 sunt,
1093 2124 1148 2206 qui
1178 2121 1323 2186 Achaeis

261 2239 491 2294 concesserunt
529 2240 633 2294 totam
672 2231 713 2293 de
751 2230 1021 2295 Lacedaemoniis
1067 2229 1323 2293 iurisdictionem
1429 2235 1430 2242 ’

261 2347 389 2418 praeter
412 2358 463 2400 res
486 2337 651 2421 capitales,
677 2337 752 2421 aspi
782 2336 816 2401 ds
846 2340 889 2419 τῇ
918 2332 1058 2402 ἑκάστου
1087 2340 1177 2420 ψυχῇ
1211 2337 1327 2418 ξενικά

261 2460 373 2525 σφισιν
408 2442 553 2508 διδόασιν
587 2439 669 2511 εἶναι
704 2444 904 2528 δικαστήρια.
957 2444 1034 2526 Egit
1069 2446 1110 2506 de
1147 2444 1211 2506 hoc
1249 2443 1325 2508 loco

258 2551 524 2614 Wachsmuthius
539 2550 649 2636 Leipz.
663 2552 757 2618 Stud.
779 2554 870 2627 1888,
888 2572 987 2635 quem
1003 2552 1145 2616 libellum
1165 2551 1325 2634 inspicere

259 2678 324 2721 non
347 2659 449 2740 potul.

365 2781 474 2847 CXIL.
498 2781 533 2847 C.
549 2784 573 2865 J.
591 2783 656 2849 L.I
680 2803 708 2846 n.
727 2798 787 2865 203
813 2812 856 2840 =
881 2782 1014 2848 Ritschl.
1031 2783 1125 2847 Prisc.
1142 2783 1214 2847 Lat.
1234 2804 1323 2850 mon.
1428 2815 1429 2854 ;

265 2905 307 2969 30
330 2918 372 2947 =
396 2890 580 2953 Mommsen
604 2912 654 2973 ap.
671 2891 776 2953 Bruns
799 2891 895 2959 Font.
912 2891 969 2957 iur.
986 2895 1052 2956 ant.
1076 2892 1183 2954 Rom⁵
1199 2910 1230 2972 p.
1252 2895 1324 2970 158.

259 2997 350 3059 Haec
374 2998 473 3060 verba
496 3006 572 3061 sunt
595 2998 723 3079 gravia:
748 3020 777 3059 v.
798 3014 835 3079 17
859 3019 930 3081 sqq.
949 2992 1008 3062 ὅσα
1030 3020 1066 3062 τε
1097 2993 1139 3061 ἂν
1167 2993 1264 3062 αὐτοί
1283 3034 1322 3046 -

259 3103 327 3171 scil.
351 3112 417 3167 tres
452 3105 605 3169 nauarchi
637 3105 850 3187 Asclepiades
887 3106 1001 3168 Philini
1039 3106 1060 3172 s.
1084 3104 1324 3187 Clayomenius,
1427 3167 1428 3190 ,

264 3210 467 3292 Polystratus
496 3211 644 3293 Polyarci
676 3212 760 3275 filius
794 3212 970 3295 Carystius,
1005 3212 1167 3277 Meniscus
1201 3212 1325 3276 Irenaei
1427 3275 1428 3314 ἒ

263 3318 318 3399 qui
335 3317 394 3381 suit
409 3326 486 3385 ante
510 3319 673 3382 Meniscus
696 3318 862 3401 Thargelii
879 3320 899 3387 f.
917 3319 1069 3394 Milesius,
1088 3340 1173 3403 quos
1189 3329 1326 3401 propter

260 3425 376 3488 merita
410 3424 442 3487 in
474 3425 560 3488 bello
584 3426 694 3490 Italico
718 3427 879 3512 (90—88)
903 3428 935 3488 in
958 3426 1116 3509 populum
1139 3425 1326 3489 Romanurn
1427 3445 1428 3464 t

261 3532 420 3616 praestita
443 3532 474 3595 in
499 3533 676 3597 amicorum
700 3534 813 3618 populi
830 3533 969 3597 Romani
992 3514 1163 3597 formula'm
1188 3531 1325 3597 referen-

367 3762 400 3833 ⁴⁹)
421 3767 500 3817 Meier
523 3767 638 3818 confudit
655 3767 732 3817 Paus.
746 3767 796 3816 Vll
815 3781 839 3830 9,
863 3776 927 3831 1-5
954 3782 1011 3815 cum
1030 3766 1119 3831 Polyb.
1135 3766 1176 3829 38,
1197 3781 1213 3829 9
1232 3768 1280 3817 etsi
1300 3774 1325 3817 et

258 3874 302 3925 per
322 3857 515 3909 collocati0nem
534 3856 603 3922 apud
621 3856 774 3907 Pausaniam
792 3864 816 3907 et
835 3872 879 3923 per
903 3871 949 3917 res,
970 3871 1034 3919 quae
1053 3863 1196 3918 narrantur,
1217 3863 1325 3920 apparet
1426 3883 1427 3944 }

259 3947 329 3999 locos
347 3963 401 3999 esse
420 3948 540 3999 dlversos.
579 3944 668 4009 Polyb.
687 3944 728 4008 38,
749 3959 765 4007 9
784 3945 944 3997 tribuendum
961 3951 1001 3993 est
1019 3960 1086 3993 anno
1110 3944 1167 4005 146,
1187 3944 1266 3994 Meier
1285 3946 1327 3995 tri·

150 4034 151 4037 ’
261 4038 317 4087 buit
334 4054 408 4089 anno.
426 4037 483 4099 148,
502 4036 576 4087 Puus.
590 4036 607 4084 l.
621 4034 638 4089 1.
652 4040 689 4085 est
707 4036 767 4085 anni
790 4035 847 4097 184.
884 4033 954 4098 Quid
972 4049 1032 4083 num
1051 4033 1174 4084 mendose
1186 4033 1267 4085 Meier
1280 4050 1326 4100 pro
1426 4037 1427 4042 ’

265 4126 313 4191 184
335 4128 430 4195 scripsit
453 4125 512 4188 148,
531 4132 584 4177 tum
604 4124 655 4175 duo
673 4124 717 4175 illa
736 4124 802 4177 iacta
819 4125 846 4175 in
864 4140 943 4177 nuum
962 4122 1098 4173 contraxit?
