2900 4559
548 298 787 358 -115-

141 489 292 575 ἐκκλήτῳ
315 487 406 575 παρὰ
430 488 469 555 τὸ
491 488 557 555 ἐκεῖ
569 492 745 555 καλεῖσθαι
761 487 816 554 ἐπὶ
829 490 942 574 κρίσει.
958 484 1029 554 οἷον
1040 488 1073 554 εί
1087 488 1204 568 Ρδδιυς

140 589 318 681 Ἀθήνησιν
341 587 511 677 ᾐτιάσατο,
541 592 612 662 εἶτα
639 594 767 681 ἐκλήθη
796 592 953 681 Ἀθήναζε
983 596 1201 682 δικασάμενος.

137 708 189 770 Ex
212 704 377 767 Aeschine
406 714 476 767 tum
507 706 640 767 demum
664 705 728 769 hoc
751 705 889 768 evellere
912 725 1098 787 possumus,
1124 728 1199 771 cum

139 813 220 876 falsa
254 812 523 890 interpretatione
557 821 693 875 utamur.
742 813 875 892 Quanto
910 812 1016 875 minus
1051 814 1088 875 iis
1123 814 1202 877 locis

138 922 382 982 demonstratur
392 919 659 1000 provocationem
673 918 771 981 fuisse
781 919 881 983 altera
890 920 920 981 in
934 920 1090 983 societate
1099 919 1202 983 Athe-

95 1104 97 1111 ,
137 1030 304 1093 niensium.
320 1026 387 1091 Sed
398 1023 552 1099 conferas,
569 1025 676 1099 velim,
690 1026 789 1089 etiam
802 1027 995 1108 Harpocrat.
1006 1047 1065 1088 s.v.
1080 1023 1198 1107 ἐφεσις·

137 1134 157 1220 ἡ
180 1135 215 1217 ἐξ
232 1131 345 1219 ἐτέρου
367 1132 579 1217 δικαστηρίου
595 1130 642 1207 εἰς
658 1128 770 1217 ἕτερον
791 1133 974 1216 μεταγωγή·
999 1132 1039 1197 τὸ
1062 1134 1097 1198 δέ
1119 1131 1202 1199 αὐτὸ

139 1244 194 1307 καὶ
218 1238 376 1325 ἐκκλητος
399 1243 556 1304 καλεῖται.
604 1239 834 1324 Δημοσθένους
858 1239 953 1323 λόγος
968 1238 1059 1304 ἐστὶν
1073 1239 1203 1325 ἐπιγρα-

139 1349 282 1433 φόμενος
320 1344 429 1428 ἐφεσις
464 1344 548 1429 πρὸς
582 1342 788 1431 Εὐβουλίδην
802 1396 906 1421 ......
947 1346 1088 1429 Hesych.
1124 1369 1149 1412 s.
1174 1370 1202 1412 v.

137 1453 293 1539 ἔκκλητοι
316 1454 412 1518 δίκαι’·
437 1450 471 1517 αἱ
493 1450 548 1517 ἐπὶ
570 1452 664 1536 ξένης
688 1452 859 1536 λεγόμεναι
882 1454 971 1518 δίκαι
993 1455 1049 1517 καὶ
1071 1451 1132 1518 οὐκ
1167 1453 1203 1520 ἐν

139 1566 181 1645 τη
205 1560 309 1634 πόλει,
342 1561 493 1623 Photium
517 1581 542 1621 s.
566 1580 595 1621 ν,
620 1555 740 1640 ἐφεσις,
769 1560 905 1624 Suidam
934 1580 958 1622 S.
974 1582 1002 1622 v.
1030 1558 1202 1647 ἔκκλητον·

139 1669 201 1753 τήν
217 1666 271 1733 ἐπὶ
288 1666 417 1752 συνόδῳ
433 1668 633 1751 παραίτησιν
649 1667 753 1749 (quod
764 1668 991 1748 Bernhardyus
1002 1669 1098 1731 veitit
1113 1690 1204 1750 ›pro-

139 1776 345 1839 vocationem
369 1775 412 1838 ad
435 1774 521 1837 aliud
536 1774 724 1853 iudicium«)
748 1783 819 1837 ets
847 1796 876 1837 v.
893 1770 1011 1855 ἐφεσις·
1034 1772 1204 1859 ἐπιθυμία,

141 1878 233 1968 ὁρμή,
245 1879 415 1965 ἐκκλητος,
431 1876 552 1963 αἵρεσις
564 1874 668 1943 ἄλλου
679 1879 890 1965 δικαστηρίου
900 1882 954 1944 καὶ
964 1882 1147 1976 μεταγοργή.
1163 1920 1201 1931 -

26 1998 27 2039 3
137 1983 175 2054 ‘H
192 1986 301 2070 ἐφεσις
324 1988 450 2069 λέγεται
472 1987 527 2050 καὶ
550 1982 709 2071 ἐκκλητος
732 1984 824 2070 παρὰ
852 1987 892 2051 τὸ
914 1984 1124 2052 ἐκκαλεῖσθαι
1147 1992 1203 2054 καὶ

26 2090 27 2111 .
141 2098 374 2181 παραιτεῖσθαι
397 2094 452 2157 καὶ
475 2092 609 2175 φεύγειν
632 2092 672 2157 τὸ
695 2101 831 2178 πρῶτον
859 2095 914 2158 καὶ
945 2090 1086 2160 ἐλαττον
1119 2096 1204 2160 δικα-

26 2192 27 2197 Ὶ
143 2202 276 2285 στήριον
299 2209 332 2262 et
355 2196 375 2284 ή
398 2198 433 2280 ἐξ
455 2195 568 2284 ἐτέρου
591 2200 800 2284 δικαστηρίου
822 2200 867 2277 εἰς
890 2197 1001 2285 ἕτερον
1022 2204 1203 2286 μεταγωγή.

143 2308 182 2372 τὸ
205 2306 241 2371 δέ
264 2303 426 2399 αὐτὸκαὶ
455 2303 614 2389 ἐκκλητος
643 2310 800 2371 καλεῖται.
831 2295 871 2372 τδ
902 2300 962 2372 οὖν
996 2304 1105 2388 ἐφεσις
1138 2306 1206 2373 ἀπὸ

142 2423 201 2479 τοῦ
228 2413 355 2495 ἐφεῖναι
385 2410 528 2498 ῥήματος
559 2423 631 2476 ets
659 2434 687 2481 v.
707 2411 829 2494 ἐφέται·
862 2409 978 2497 ἄνδρες
1011 2410 1131 2489 οἵτινες
1165 2410 1202 2480 π’

141 2518 235 2596 ὄντες
258 2520 418 2602 ἐδίκαζον·
441 2518 557 2601 ἐφέται
581 2510 609 2583 δ>
635 2518 837 2605 ἐκλήθησαν,
869 2517 942 2603 ήτοι
966 2514 1018 2583 δτι
1040 2519 1094 2585 ἐπὶ
1117 2517 1207 2605 αἳμα-

141 2651 197 2703 τος
220 2626 417 2709 δικάζουσιν,
441 2624 461 2709 ή
485 2620 536 2692 δτι
559 2623 667 2708 ἐφεσις
690 2623 769 2711 κοιρ>
791 2624 904 2692 αὐτῶν
933 2624 973 2691 οὐ
1001 2627 1137 2693 δύναται
1161 2627 1207 2705 εἰς

143 2730 225 2798 ἄλλο
236 2733 445 2817 δικαστήριον
461 2732 623 2816 γενέσθαι,
640 2733 814 2799 τουτέστιν
829 2730 1001 2819 ἐκκλητος,
1018 2736 1126 2817 Etym.
1137 2737 1206 2816 Mg.

143 2862 207 2904 εν.
223 2838 332 2921 ἐφεσις
355 2849 388 2902 et
411 2860 435 2907 s,
452 2861 481 2902 v.
497 2838 617 2921 ἐφέται,
652 2840 788 2904 Bekkeri
819 2842 963 2904 anecd.I
986 2860 1017 2921 p.
1041 2843 1111 2916 186,
1139 2860 1156 2923 7
1180 2862 1206 2910 s,

145 2970 174 3012 v.
201 2946 392 3029 διαψήφισις
420 2948 476 3011 καὶ
498 2944 706 3031 ἀποψήφισις
728 2948 785 3011 καὶ
806 2944 915 3028 ἐφεσις
936 2968 1007 3030 sqq.
1020 2958 1052 3010 et
1076 2970 1108 3030 p.
1134 2966 1207 3027 244,

146 3058 164 3118 8
198 3075 222 3116 s.
246 3074 274 3115 v.
300 3049 417 3133 ἔφεσις,
452 3054 600 3120 Eustath.
634 3074 746 3136 opusc.
765 3054 815 3117 ed.
838 3053 931 3116 Tafel
959 3076 990 3137 p.
1017 3072 1081 3134 319
1110 3075 1138 3117 v.
1167 3072 1206 3134 32

145 3162 238 3243 epist.
266 3160 362 3223 8καὶ
390 3158 430 3225 τδ
457 3155 658 3240 ἀποφανδέν
692 3159 830 3236 πάντας
865 3156 957 3225 ἐσται
991 3156 1077 3245 ὑπὲρ
1107 3156 1209 3246 ἡμῶν·

144 3268 200 3331 καὶ
230 3274 291 3330 τοῦ
323 3265 601 3349 γνωματεύματος
623 3264 662 3330 οὐ
685 3267 969 3351 κατακαυχήσεται
992 3264 1109 3349 ἔφεσις,
1133 3266 1209 3333 ταύ-

146 3372 206 3437 τὸν
229 3363 257 3436 δ’
280 3367 323 3436 δν
345 3370 394 3456 εἴη
418 3372 520 3437 εἰπεῖν
548 3370 716 3458 ἐκκλητος,
746 3374 856 3455 Etym.
880 3373 964 3437 Gud.
990 3376 1042 3438 ed.
1066 3375 1160 3439 Sturz
1185 3397 1207 3439 S.

147 3500 175 3542 v.
203 3476 320 3561 ἐφεσις,
362 3480 475 3543 Zonar.
499 3501 522 3543 s,
546 3502 575 3546 v.
605 3478 722 3562 ἐφεσις,
757 3480 867 3562 Etym.
892 3482 1035 3546 vindob.
1060 3504 1083 3545 S.
1107 3504 1136 3545 v.
1163 3477 1212 3546 ἐκ·

147 3590 267 3671 κλητος
305 3594 338 3649 et
368 3607 392 3649 s,
418 3608 446 3649 v.
469 3583 587 3668 ἔφεσις.
635 3588 787 3671 Excepto
817 3586 994 3669 Hesychio‚
1033 3590 1096 3668 qui,
1134 3590 1212 3668 quid

147 3693 316 3767 censuerit,
347 3694 487 3775 perspici
516 3714 582 3756 non
609 3703 729 3777 potest,
756 3694 957 3776 grammatici
982 3695 1071 3758 citati
1095 3704 1213 3776 putant

148 3795 307 3883 ἐκκλητος
337 3800 535 3881 significasse
565 3802 844 3884 provocationem.
892 3801 972 3865 Sed.
984 3802 1125 3881 primum
1149 3802 1213 3866 hoc

149 3914 197 3968 est
232 3906 264 3967 in
300 3907 467 3985 perlucido
506 3903 702 3993 »ἐκκλητοςι
745 3929 810 3971 non
849 3928 947 3990 posse
987 3928 1057 3971 esse
1100 3931 1212 3990 »μετα-

149 4012 237 4097 γωγή
275 4008 321 4087 εἰς
361 4007 444 4076 ἄλλο
482 4013 709 4099 δικαστήριον(
753 4016 804 4077 vel
846 4012 1011 4097 »ἐφεσιςι,·
1050 4035 1125 4077 nam
1164 4010 1213 4079 ἐκ·

148 4124 270 4213 κλητος
296 4128 348 4183 est
369 4119 567 4185 adiectivum
592 4121 730 4199 verbale,
757 4142 822 4185 non
845 4122 1095 4197 substantivum,
1119 4144 1213 4207 μετα-

1077 4246 1111 4308 8*
