2900 4559
556 319 776 381 479..

136 509 194 575 dos
227 531 298 576 esse
326 521 457 575 senatus
493 512 617 574 censuit
647 549 690 558 -
719 509 819 575 τέκνα
853 504 982 592 ἔκγονοι
1016 504 1196 592 γυναῖκάς]

135 619 196 703 τ[ε]
234 614 345 683 αὐτῶν
379 608 458 703 παρ’
486 612 598 702 ἑτέρου
625 616 916 701 μετακορεύωνται
944 610 1036 691 ὅπως
1063 614 1196 679 τούτων

135 724 266 791 τέκνων
282 724 469 811 (ἐκγόνων),
493 731 660 808 γυναικῶν
675 748 712 789 τε
727 721 842 788 αὐτῶν
864 722 993 806 ἐξουσία
1007 723 1064 786 καὶ
1078 718 1199 804 αἵρεσις

135 821 193 917 (ᾗ),
218 830 276 897 έάν
305 856 341 897 τε
371 830 408 897 έν
435 844 507 908 ταῖς
537 832 693 915 πατρίσιν
724 828 813 896 κατὰ
843 830 921 907 τοὺς
947 829 1050 904 ἰδίους
1078 827 1198 911 νόμους

135 939 321 1017 βούλωνται
344 941 516 1023 κρίνεσθαι
539 936 559 1022 ἢ
582 936 636 1003 ἐπὶ
660 946 730 1002 τῶν
757 933 924 1022 ἡμετέρων
952 934 1125 1021 ἀρχόντων
1148 933 1196 1021 (ἢ)

139 1044 190 1111 ἐπὶ
215 1037 379 1111 Ἰταλικῶν
401 1054 525 1131 κριτῶν
547 1043 605 1109 έάν
627 1068 663 1110 τε
687 1042 741 1109 ἐπὶ
762 1044 895 1119 πόλεως
910 1042 1111 1128 ἐλευθέρως]
1127 1048 1198 1105 τῶν

136 1151 187 1217 διά
219 1153 334 1229 τέλους
365 1152 401 1217 ἐν
432 1156 474 1236 τῇ
504 1154 597 1241 φιλίᾳ
626 1160 686 1216 τοῦ
715 1152 816 1236 δήμου
838 1161 898 1218 τοῦ
921 1152 1088 1234 Ρωμαίων
1108 1171 1198 1233 μεμε-

136 1264 283 1345 νηκοιῶν
310 1246 348 1325 οὗ
376 1256 419 1325 clv
448 1267 671 1345 προαιρῶνται
701 1252 794 1334 ὅπως
822 1258 891 1325 ἐκεῖ
919 1257 960 1324 τὸ
993 1257 1196 1342 κρ[ι]τήριον

133 1370 206 1452 περὶ
229 1368 362 1433 τούτων
391 1374 460 1432 τῶν
487 1366 694 1451 πραγμάτων
725 1366 868 1453 γένηται.
916 1366 976 1428 Est
1004 1366 1068 1427 hoc
1100 1364 1134 1430 S.
1158 1362 1195 1427 C.

137 1477 211 1539 anni
237 1479 277 1557 78
302 1496 331 1539 a.
358 1474 429 1541 Chr.

238 1584 314 1647 Non
337 1591 411 1647 sunt
434 1583 607 1665 recipiendi
630 1585 663 1647 in
687 1603 856 1647 numerum
878 1581 1025 1643 locorum
1056 1579 1099 1641 ad
1128 1598 1195 1641 rem

134 1690 366 1769 pertinentium
388 1689 451 1752 loci
475 1704 663 1770 sequentes:

226 1790 293 1867 κέ.
317 1798 399 1863 Mus.
424 1797 492 1865 Ital.
517 1799 531 1859 Ι
555 1817 586 1877 p.
614 1815 802 1881 233-273,
827 1813 1025 1881 quamquam
1056 1793 1195 1872 Compa-

134 1904 208 1977 retti
237 1926 270 1988 p.
296 1919 356 1984 251
392 1905 450 1967 col.
476 1905 521 1967 XI
551 1926 603 1982 vv,
633 1923 672 1969 10
694 1927 767 1989 sqq.
792 1906 928 1989 praebet
959 1900 1033 1965 ὁδὲ
1055 1899 1197 1986 μνάμων

135 2008 153 2075 ὁ
177 2019 226 2077 τῶ
249 2013 370 2076 κοενίω
394 2022 426 2075 et
450 2011 558 2092 ξένιον
580 2013 659 2075 dicit
682 2033 753 2076 esse
769 2012 907 2076 tribunal
924 2012 1014 2090 quod
1029 2018 1199 2092 comparat

135 2138 164 2198 p.
193 2133 258 2199 274
288 2139 362 2181 cum
385 2118 462 2182 Poll.
487 2120 564 2183 VIII
593 2122 634 2183 62
666 2130 699 2183 et
732 2122 813 2186 Ditt.
832 2135 896 2200 344
927 2120 966 2199 (n.
983 2116 1197 2198 LXXXVII);

135 2245 210 2288 nam
235 2226 394 2288 Biicheler
417 2234 450 2289 et
472 2226 707 2290 Zittelmannus
735 2228 825 2289 »das
847 2224 981 2289 Recht
1004 2244 1083 2286 von
1106 2221 1197 2283 Gor-

133 2342 225 2414 tyn«
268 2333 371 2414 suppl.
400 2334 443 2395 ad
473 2334 556 2396 MuS.
582 2334 683 2397 Rhen.
708 2356 738 2397 n.
763 2355 789 2397 s.
813 2332 876 2395 vol.
902 2348 953 2408 40.
982 2334 1061 2411 1885
1095 2351 1126 2412 p.
1155 2331 1195 2408 38

133 2440 281 2520 legerunt
305 2442 336 2503 ln
363 2440 472 2522 lapide
500 2440 576 2505 ὁδέ
604 2440 744 2524 μνάμων
770 2438 866 2524 ιι[ρ]ὸ
892 2439 1011 2503 κσενίω
1041 2434 1195 2509 άποδότο,

136 2547 224 2627 quod
256 2558 384 2613 vertunt
422 2551 513 2613 »der
547 2549 704 2612 Merker
740 2549 845 2612 aber
879 2545 958 2609 soll
992 2544 1050 2607 als
1085 2542 1198 2605 Gast·

134 2654 343 2733 geschenk
359 2658 416 2719 sie
432 2656 743 2737 zuriickgebem
760 2656 791 2718 id
805 2655 894 2737 quod
906 2675 936 2736 p.
951 2653 1008 2732 165
1024 2639 1197 2733 explicant,

135 2781 234 2842 quam
258 2763 555 2846 interpretationem
580 2784 678 2826 unam
702 2763 777 2826 ferri
800 2782 899 2844 posse
921 2780 980 2839 per
1003 2778 1038 2820 se
1061 2757 1199 2838 quisque

134 2868 304 2949 intelliget.
363 2870 459 2934 Certe
497 2891 661 2953 nunquam
699 2869 806 2951 ξένιον
844 2866 980 2932 tribunal
1018 2862 1199 2945 significare

136 2983 254 3056 potest.
302 2978 430 3041 Tamen
453 2976 655 3060 Comparetti
679 2977 721 3039 ad

242 3075 307 3167 κς’.
333 3085 414 3147 Mus,
430 3084 496 3148 Ital.
511 3086 539 3146 ΙΙ
554 3106 585 3167 p.
601 3086 664 3147 228
682 3104 711 3146 n.
728 3086 804 3160 82‚4
819 3079 928 3165 ξένιον
942 3078 1065 3162 κόσμον
1081 3076 1196 3138 eadem

137 3189 273 3270 protulit
304 3200 503 3273 annotatque
531 3192 574 3253 ad
608 3192 714 3270 ipsum
750 3191 836 3252 hunc
870 3186 997 3250 titulum
1029 3185 1196 3247 Darestius

42 3291 45 3299 ’
136 3295 214 3357 Bull.
241 3296 287 3361 XI
310 3319 340 3380 p.
367 3314 427 3376 243
457 3296 504 3360 »il
528 3298 706 3360 existait
728 3296 749 3360 ὲ
772 3296 961 3376 Gortyne
983 3313 1034 3355 un
1058 3290 1198 3372 ξένιος

135 3402 294 3485 κόσμος
316 3425 475 3467 comme
499 3404 518 3467 t
542 3404 704 3487 Ephese
733 3424 783 3466 un
810 3399 979 3485 ξενικὸν
1008 3398 1196 3481 δικαστή-

135 3531 235 3590 ριον,
260 3531 418 3573 comme
441 3510 460 3572 n
482 3512 609 3575 Rome
640 3532 691 3574 un
724 3517 901 3592 praetor
929 3508 1193 3590 peregrinus⁸

134 3616 188 3678 Le
219 3617 391 3701 μνάμων
419 3625 473 3681 τῶ
503 3618 633 3699 ξενίω
661 3618 758 3680 dans
788 3616 825 3678 la
854 3615 905 3678 loi
938 3616 984 3677 de
1013 3613 1197 3695 Gortyne

136 3733 199 3786 est
222 3726 330 3787 done
354 3726 391 3787 le
414 3724 590 3807 grellier
613 3726 661 3787 du
691 3723 825 3805 ξένιος
855 3720 1038 3804 κόσμοςι,
1085 3718 1197 3795 Ξένιος

137 3827 254 3913 κόσμος
278 3832 354 3895 nihil
377 3832 477 3896 habet
499 3851 672 3896 commune
689 3852 764 3895 cum
780 3832 900 3913 ξενικῷ
921 3828 1123 3913 δικαστηρίῳ
1139 3828 1196 3889 sed

138 3946 193 4011 est,
212 3940 245 4000 id
261 3941 350 4021 quod
374 3940 542 4003 Darestius
566 3948 653 4003 recte
669 3940 760 4013 dixit,
775 3947 907 4021 praetor
922 3938 1121 4019 peregrlnus.
1146 3935 1198 3995 De

240 4038 299 4128 κζ’.
326 4046 360 4114 C.
372 4048 396 4128 J.
410 4048 447 4109 A.
465 4046 493 4108 Il
522 4063 555 4109 ιι
584 4046 621 4109 cl.
639 4066 811 4108 excursum
834 4045 881 4108 IV
899 4044 970 4107 adn.
991 4060 1061 4122 109.

242 4147 441 4239 κη’,Ἓοτομ
457 4174 489 4237 p.
506 4167 546 4233 50
563 4166 596 4216 et
611 4176 643 4237 p.
658 4170 717 4217 201
738 4173 808 4236 sqq.
820 4154 886 4216 tab.
904 4167 945 4233 27
970 4172 1000 4215 u.
1020 4168 1038 4214 2
1056 4150 1195 4235 (Egger)
